2008 3360
343 313 423 351 198
839 321 965 352 LIBER
984 320 1340 353 PLUSCARDENSIS.

338 438 467 480 regno
496 425 750 481 asportando
770 424 1073 477 adnichilavit3
1102 424 1329 467 ostendens
1350 438 1395 467 se
1413 438 1488 479 per
1505 424 1586 467 hoc
1614 425 1838 468 manifeste

337 483 542 538 injustam
572 496 743 525 causam
762 482 903 524 fovere
934 487 1082 524 contra
1108 496 1286 537 regnum
1316 482 1472 525 Scociae
1492 486 1534 524 et
1554 483 1742 538 ejusdem
1770 483 1837 524 in-

340 541 463 584 colas.
524 541 629 591 Quae
649 540 885 582 subtraccio
906 553 955 582 38
975 540 1336 582 munimentorum
1355 540 1541 595 perdicio
1561 540 1616 582 ad
1633 540 1717 582 huc
1731 541 1838 582 forte

338 612 460 653 posse
490 598 674 640 creditur
692 597 894 653 legitimis
923 598 1106 640 testibus
1125 598 1228 639 viva
1248 611 1348 640 voce
1375 597 1646 653 comprobari.
1706 598 1839 640 (338118-

339 670 435 697 111111
454 659 552 710 post
580 655 710 710 hujus
740 658 963 710 optentum
990 669 1067 711 per
1084 655 1228 711 ipsum
1255 669 1397 711 regem
1414 655 1595 711 Angliae,
1614 668 1701 697 non
1718 668 1839 698 voca-

339 717 434 754 tum
463 727 488 754 a
518 713 667 763 Scotis,
696 713 901 768 quicquid
930 714 1096 765 scribat,
1130 727 1208 756 nec
1242 713 1506 769 recognitum
1539 714 1587 755 in
1621 713 1840 755 Scotorum

341 770 596 812 dominiuml
611 771 696 813 nisi
715 774 833 813 metu
853 774 897 814 et
915 772 962 813 vi
980 775 1162 822 tantum,
1173 785 1351 827 regnum
1370 771 1506 827 ipsius
1525 770 1716 813 vacantis
1734 773 1842 812 tem-

339 842 450 883 pore,
466 834 693 884 postquam
712 829 900 884 primum
919 843 1046 871 suum
1064 829 1416 884 qualemcumque
1436 828 1613 871 titulum
1632 833 1676 871 et
1694 828 1842 870 introi-

339 891 434 927 tum
462 887 581 943 regni
604 887 695 929 sive
725 891 919 929 exortum
948 887 1235 943 principatum
1263 887 1426 929 notorie
1454 887 1618 937 habuit,
1636 899 1711 942 per
1731 885 1843 928 cedi·-

340 944 506 986 cionem
535 944 670 986 solam
700 948 743 987 et
771 945 963 1000 parcium
995 945 1257 996 intestinam,
1286 945 1480 1000 qualiter,
1511 920 1648 987 Scotis
1682 943 1843 986 eisdem

340 1015 506 1058 semper
523 1002 851 1069 provocantibus
870 1003 925 1045 ad
944 1003 1178 1058 praestitam
1196 1003 1448 1053 libertatem,
1462 1016 1538 1045 rex
1557 1001 1736 1058 Angliae,
1751 1001 1844 1044 sine

335 1060 511 1115 J'udicio,
526 1061 598 1115 jus
629 1060 713 1103 sibi
733 1060 878 1103 dicens
903 1060 956 1103 de
984 1074 1029 1103 re
1059 1064 1102 1103 et
1130 1074 1259 1116 regno
1288 1060 1372 1103 sibi
1399 1061 1571 1116 penitus
1601 1060 1750 1110 alieno,
1770 1072 1844 1114 per

340 1131 462 1159 suam
495 1118 629 1160 solam
663 1118 906 1173 potenciam
934 1121 978 1161 et
1011 1118 1236 1169 maliciam,
1267 1119 1358 1160 vim
1391 1122 1435 1160 et
1463 1121 1637 1169 metum,
1666 1117 1843 1159 mittens

339 1179 497 1218 temere
525 1176 696 1218 falcem2
723 1176 770 1217 in
794 1190 975 1219 messem
1004 1176 1198 1227 alienam,
1228 1189 1276 1218 ac
1309 1176 1461 1218 deinde
1490 1175 1673 1231 qualiter
1700 1175 1844 1230 ipsum

340 1234 601 1288 praecesserit
634 1234 867 1289 negocium,
896 1234 1024 1276 scribi
1052 1247 1139 1275 non
1165 1237 1318 1289 potest,
1347 1233 1417 1276 vel
1445 1233 1568 1276 aliter
1598 1232 1724 1275 dictis
1754 1232 1842 1274 suis

340 1291 460 1333 brevi
479 1291 579 1333 stilo
599 1291 861 1347 respondere,
876 1305 926 1334 eo
945 1291 1059 1347 quod
1079 1290 1305 1346 prolixius³
1320 1294 1385 1334 est
1405 1291 1588 1333 nimium
1606 1303 1844 1346 processus3

341 1348 502 1391 mundo
522 1354 667 1391 tamen
686 1353 814 1391 notus
843 1353 932 1391 tam
953 1349 1139 1404 injustus
1168 1362 1388 1405 processus
1417 1348 1582 1404 negocii
1601 1348 1669 1391 sui
1688 1348 1736 1389 in
1755 1361 1841 1402 quo

342 1406 528 1458 confidit,
569 1407 606 1449 si
649 1407 759 1462 justi
793 1407 952 1462 judicis
992 1407 1187 1449 examine
1224 1407 1481 1459 visitaretur,
1520 1410 1564 1449 et
1601 1406 1649 1448 in
1687 1409 1843 1448 statera

336 1464 524 1519 justiciae
543 1468 656 1506 recte
675 1463 972 1507 liberarentur⁴
991 1464 1159 1520 singula
1178 1464 1290 1507 facta
1310 1478 1410 1517 sua3
1443 1464 1491 1506 in
1510 1463 1667 1519 quibus
1687 1463 1725 1505 si
1744 1477 1842 1505 con-

340 1522 548 1564 fitendum
578 1521 831 1573 crediderit?
844 1523 954 1577 justi
977 1522 1136 1577 judicis
1162 1522 1343 1564 Romani
1362 1521 1575 1577 pontificis
1593 1521 1839 1563 nullatenus

340 1579 587 1623 declararet⁶
600 1579 809 1630 examen,⁷
820 1584 870 1621 ut
890 1580 1086 1630 declinat,
1099 1584 1148 1622 ut
1162 1580 1298 1635 ipsius
1318 1580 1470 1622 saltem
1489 1579 1652 1635 negocii
1670 1578 1839 1629 veritas,

340 1638 387 1679 in
415 1637 511 1680 luce
540 1638 695 1693 saepius
725 1637 979 1688 examinata,
998 1637 1132 1694 magis
1151 1652 1227 1693 pro
1247 1641 1366 1693 parte
1387 1638 1609 1680 Scotorum
1627 1636 1843 1692 splendes-

340 1699 463 1746 ceret,
484 1698 528 1738 et
530 1696 679 1762 ‘partis
707 1695 892 1738 adversae
916 1696 1152 1751 perniciosa
1179 1696 1433 1751 perversitas
1454 1698 1497 1738 et
1515 1694 1718 1745 versucia,
1737 1707 1842 1749 quas

341 1753 506 1809 allegat,
526 1754 573 1794 in
587 1753 800 1808 judicium
819 1756 1024 1804 revocata,
1045 1753 1136 1796 sive
1155 1753 1430 1809 poenitencia8
1447 1753 1617 1809 gravius
1637 1751 1844 1808 deprime-

341 1810 505 1853 rentur⁹
520 1811 597 1853 et¹⁰
610 1811 921 1866 dampnaretur.
970 1812 1039 1862 Et,
1051 1811 1153 1867 quia
1165 1811 1218 1854 de
1232 1811 1410 1854 veritate
1425 1825 1512 1853 non
1527 1810 1658 1852 habet
1671 1809 1845 1851 rectitu-

341 1869 497 1919 dinem,
498 1868 531 1894 1²
551 1883 638 1911 non
667 1873 732 1911 est
760 1869 918 1911 mirum
937 1869 974 1911 si
994 1869 1253 1911 frenaciones
1274 1869 1427 1924 quaerit
1446 1871 1490 1910 et
1509 1868 1563 1910 ad
1583 1866 1845 1922 subterfugia

341 1926 545 1982 confugit,
561 1940 752 1982 quaerens
772 1941 846 1982 per
861 1927 1027 1983 eulogia
1047 1927 1198 1969 absens
1218 1927 1423 1982 injustam
1443 1939 1614 1968 causam
1633 1938 1754 1967 suam
1768 1938 1844 1979 pro

337 1986 455 2040 justa
473 1984 655 2027 reddere.
710 1985 825 2027 Nam
845 1985 897 2026 de
917 1984 1102 2027 8381381012
1121 1984 1280 2027 cercius
1300 1987 1366 2026 est
1385 1983 1500 2039 quod
1513 1997 1589 2026 rex
1607 1983 1711 2038 ipse,
1730 1985 1847 2024 actor

342 2043 535 2085 omnium
554 2042 760 2085 scelerum
772 2056 867 2098 quae
880 2046 978 2098 post
990 2056 1039 2085 ea
1053 2045 1155 2084 sunt
1169 2042 1405 2093 subsecuta,
1417 2041 1581 2096 primus
1601 2039 1845 2092 seminavit;

343 2100 496 2143 deinde
516 2099 706 2143 cotidie¹⁸
725 2100 838 2143 inter
855 2114 984 2156 regna
1008 2100 1172 2155 primus
1201 2099 1444 2142 convolavit
1463 2099 1518 2141 ad
1537 2112 1664 2150 arma,
1682 2098 1846 2163 primus

344 2158 520 2201 hostiles
550 2158 819 2201 committens
848 2158 1045 2200 incursus
1075 2162 1119 2201 et
1147 2157 1355 2208 incendia,
1375 2157 1510 2200 caedes
1540 2161 1583 2199 et
1613 2156 1779 2206 scelera,
1799 2155 1846 2196 in

344 2230 471 2271 regno
487 2216 644 2259 Scociae
655 2216 935 2272 perpetrando
950 2216 1094 2258 omnia
1112 2215 1234 2266 111313,
1250 2219 1377 2270 prout
1391 2215 1481 2257 haec
1502 2214 1646 2270 capcio
1666 2217 1711 2257 et
1727 2213 1846 2255 deso-

344 2274 464 2324 lacio,
484 2288 583 2316 cum
603 2274 722 2317 clade
751 2274 940 2317 maxima
967 2274 1127 2316 ibidem
1155 2276 1395 2340 perpetrata
1422 2273 1710 2323 innocentum,
1729 2269 1846 2325 opidi

346 2332 524 2374 Berwici
539 2332 763 2374 manifeste
778 2332 1004 2375 declarant.
1063 2332 1166 2374 Post
1187 2332 1307 2386 cujus
1321 2330 1601 2386 prodiciosam
1620 2334 1664 2372 et
1674 2327 1845 2383 nequis-

346 2389 499 2431 simam
511 2390 755 2445 capcionem
768 2389 873 2432 dicti
885 2390 1002 2446 opidi
1014 2388 1238 2440 Β81ν17181,14
1249 2402 1298 2431 ac
1310 2387 1500 2431 caedem¹⁵
1512 2385 1845 2430 crudelissimam

345 2449 388 2488 et
400 2447 635 2489 mirandam
651 2448 779 2490 11111118
795 2451 889 2490 octo
909 2447 1092 2489 millium
1104 2460 1376 2503 personarum
1390 2445 1549 2488 ibidem
1568 2442 1846 2492 commissam,

345 2504 686 2559 confugientibus
716 2506 850 2548 eciam
869 2505 923 2548 ad
943 2505 1164 2548 ecclesiam
1183 2504 1415 2547 notabilem
1434 2502 1692 2551 mulieribus,
1711 2513 1847 2542 sacer-

410 2643 423 2665 1
440 2644 478 2677 B.
499 2644 537 2677 G.
559 2644 599 2676 E.
618 2644 808 2677 dominum.
1426 2642 1441 2665 2
1457 2642 1494 2675 C.
1512 2641 1667 2674 faulsem.

408 2690 423 2713 ³
441 2691 478 2724 O.
499 2691 536 2725 Ε.
555 2690 778 2733 responderi3
803 2693 840 2724 et
856 2691 950 2733 quod
966 2702 1008 2734 p·-
1009 2691 1131 2726 olixns.
1422 2688 1437 2710 4
1454 2689 1489 2722 G.
1505 2688 1545 2720 E.
1566 2688 1788 2721 librarentur.

411 2736 426 2759 ⁵
442 2738 481 2771 B.
499 2737 658 2770 credidit.
708 2737 745 2771 O.
764 2737 803 2770 E.
822 2738 1068 2771 confidendum
1083 2732 1279 2772 tradiderit.
1424 2734 1440 2756 ⁶
1455 2735 1493 2769 E.
1512 2734 1711 2767 declinaret.

411 2783 426 2807 7
443 2785 479 2818 C.
498 2785 665 2819 examine.
1422 2780 1436 2802 ⁸
1452 2782 1490 2815 B.
1509 2782 1608 2815 omits
1622 2780 1842 2825 poenitencia.

410 2830 426 2853 ⁹
441 2832 479 2865 B.
498 2831 758 2874 deprimeretur.
810 2830 847 2864 G.
866 2831 905 2863 E.
924 2830 1212 2874 deprimat-entur.
1410 2828 1439 2850 ¹⁰
1455 2829 1493 2862 Ε.
1512 2828 1577 2862 vel.

396 2877 424 2900 ¹¹
441 2879 478 2912 O.
497 2879 536 2912 E.
555 2880 636 2911 omit
651 2877 909 2911 rectitudinem.

395 2924 424 2946 ¹²
440 2926 476 2959 O.
496 2926 535 2958 E.
555 2927 651 2958 certo
667 2925 738 2957 ancl
754 2927 833 2957 omit
849 2925 902 2957 de.
1410 2920 1438 2944 13
1456 2922 1492 2956 O.
1508 2922 1548 2955 Ε.
1563 2921 1619 2954 die
1634 2922 1723 2964 after
1735 2920 1843 2954 blank.

395 2971 423 2994 ¹⁴
439 2972 477 3005 B.
498 2974 595 3006 omits
612 2971 1003 3005 manifeste—Berwici.
1412 2968 1442 2991 ¹⁵
1459 2970 1497 3003 G.
1514 2969 1641 3002 sedem.
