<?xml version="1.0" encoding="UTF-8"?>
<!DOCTYPE html PUBLIC "-//W3C//DTD XHTML 1.0 Transitional//EN"
    "http://www.w3.org/TR/xhtml1/DTD/xhtml1-transitional.dtd">
<html xmlns="http://www.w3.org/1999/xhtml" xml:lang="en" lang="en">
 <head>
  <title>
</title>
<meta http-equiv="Content-Type" content="text/html;charset=utf-8" />
  <meta name='ocr-system' content='tesseract 3.04.00' />
  <meta name='ocr-capabilities' content='ocr_page ocr_carea ocr_par ocr_line ocrx_word'/>
</head>
<body>
  <div class='ocr_page' id='page_1' title='image "./liberpluscardens07plusuoft/liberpluscardens07plusuoft_0196.png"; bbox 0 0 2008 3360; ppageno 0'>
   <div class='ocr_carea' id='block_1_1' title="bbox 346 309 1347 352">
    <p class='ocr_par' dir='ltr' id='par_1_1' title="bbox 346 309 1347 352">
     <span class='ocr_line' id='line_1_1' title="bbox 346 309 1347 352; baseline 0.003 -3"><span class='ocrx_word' id='word_1_1' title='bbox 346 309 365 347; x_wconf 94' lang='lat'>1</span> <span class='ocrx_word' id='word_1_2' title='bbox 374 312 428 350; x_wconf 83' lang='lat'><strong>44</strong></span> <span class='ocrx_word' id='word_1_3' title='bbox 841 319 967 351; x_wconf 74' lang='lat' dir='ltr'><strong>mana</strong></span> <span class='ocrx_word' id='word_1_4' title='bbox 986 319 1347 352; x_wconf 70' lang='lat' dir='ltr'><strong>PnuscARnnNsm.</strong></span> 
     </span>
    </p>
   </div>
   <div class='ocr_carea' id='block_1_2' title="bbox 337 423 1853 2439">
    <p class='ocr_par' dir='ltr' id='par_1_2' title="bbox 337 423 1853 2439">
     <span class='ocr_line' id='line_1_2' title="bbox 342 423 1843 480; baseline 0.001 -13"><span class='ocrx_word' id='word_1_5' title='bbox 342 424 599 476; x_wconf 76' lang='lat' dir='ltr'><strong>nutriantur,</strong></span> <span class='ocrx_word' id='word_1_6' title='bbox 628 423 689 467; x_wconf 90' lang='lat' dir='ltr'><strong>sic</strong></span> <span class='ocrx_word' id='word_1_7' title='bbox 719 423 833 479; x_wconf 91' lang='lat' dir='ltr'><strong>quod</strong></span> <span class='ocrx_word' id='word_1_8' title='bbox 866 436 982 479; x_wconf 88' lang='lat' dir='ltr'><strong>reges</strong></span> <span class='ocrx_word' id='word_1_9' title='bbox 1017 427 1061 466; x_wconf 88' lang='lat' dir='ltr'><strong>et</strong></span> <span class='ocrx_word' id='word_1_10' title='bbox 1088 423 1301 479; x_wconf 81' lang='lat' dir='ltr'><strong>principes</strong></span> <span class='ocrx_word' id='word_1_11' title='bbox 1329 423 1384 466; x_wconf 92' lang='lat' dir='ltr'><strong>ad</strong></span> <span class='ocrx_word' id='word_1_12' title='bbox 1411 424 1745 480; x_wconf 88' lang='lat' dir='ltr'><strong>propulsandum</strong></span> <span class='ocrx_word' id='word_1_13' title='bbox 1777 425 1843 467; x_wconf 87' lang='lat' dir='ltr'><strong>in-</strong></span> 
     </span>
     <span class='ocr_line' id='line_1_3' title="bbox 337 481 1844 539; baseline -0.001 -13"><span class='ocrx_word' id='word_1_14' title='bbox 337 483 474 538; x_wconf 82' lang='lat' dir='ltr'><strong>jurias</strong></span> <span class='ocrx_word' id='word_1_15' title='bbox 508 487 551 526; x_wconf 89' lang='lat' dir='ltr'><strong>et</strong></span> <span class='ocrx_word' id='word_1_16' title='bbox 583 482 835 524; x_wconf 82' lang='lat' dir='ltr'><strong>insolencias</strong></span> <span class='ocrx_word' id='word_1_17' title='bbox 858 494 1161 536; x_wconf 88' lang='lat' dir='ltr'><strong>perversorum,</strong></span> <span class='ocrx_word' id='word_1_18' title='bbox 1181 495 1230 524; x_wconf 91' lang='lat' dir='ltr'><strong>ac</strong></span> <span class='ocrx_word' id='word_1_19' title='bbox 1259 481 1314 523; x_wconf 89' lang='lat' dir='ltr'><strong>ad</strong></span> <span class='ocrx_word' id='word_1_20' title='bbox 1341 482 1653 537; x_wconf 89' lang='lat' dir='ltr'><strong>reprimendum</strong></span> <span class='ocrx_word' id='word_1_21' title='bbox 1679 484 1844 539; x_wconf 87' lang='lat' dir='ltr'><strong>impug-</strong></span> 
     </span>
     <span class='ocr_line' id='line_1_4' title="bbox 343 538 1845 596; baseline 0 -13"><span class='ocrx_word' id='word_1_22' title='bbox 343 541 542 583; x_wconf 84' lang='lat' dir='ltr'><strong>naciones</strong></span> <span class='ocrx_word' id='word_1_23' title='bbox 571 539 758 589; x_wconf 78' lang='lat' dir='ltr'><strong>hostiles,</strong></span> <span class='ocrx_word' id='word_1_24' title='bbox 787 538 879 582; x_wconf 63' lang='lat' dir='ltr'><strong>sibi,</strong></span> <span class='ocrx_word' id='word_1_25' title='bbox 900 539 1097 589; x_wconf 85' lang='lat' dir='ltr'><strong>invicem,</strong></span> <span class='ocrx_word' id='word_1_26' title='bbox 1115 539 1349 594; x_wconf 85' lang='lat' dir='ltr'><strong>praesertim</strong></span> <span class='ocrx_word' id='word_1_27' title='bbox 1379 553 1454 595; x_wconf 89' lang='lat' dir='ltr'><strong>per</strong></span> <span class='ocrx_word' id='word_1_28' title='bbox 1483 540 1620 582; x_wconf 86' lang='lat' dir='ltr'><strong>zelum</strong></span> <span class='ocrx_word' id='word_1_29' title='bbox 1647 541 1845 596; x_wconf 74' lang='lat' dir='ltr'><strong>justiciae,</strong></span> 
     </span>
     <span class='ocr_line' id='line_1_5' title="bbox 343 596 1844 652; baseline 0 -12"><span class='ocrx_word' id='word_1_30' title='bbox 343 599 557 648; x_wconf 88' lang='lat' dir='ltr'><strong>affectum,</strong></span> <span class='ocrx_word' id='word_1_31' title='bbox 590 610 690 639; x_wconf 90' lang='lat' dir='ltr'><strong>cum</strong></span> <span class='ocrx_word' id='word_1_32' title='bbox 723 609 851 638; x_wconf 87' lang='lat' dir='ltr'><strong>causa</strong></span> <span class='ocrx_word' id='word_1_33' title='bbox 880 596 1083 652; x_wconf 83' lang='lat' dir='ltr'><strong>exposcit,</strong></span> <span class='ocrx_word' id='word_1_34' title='bbox 1112 596 1341 639; x_wconf 86' lang='lat' dir='ltr'><strong>exhibeant</strong></span> <span class='ocrx_word' id='word_1_35' title='bbox 1366 597 1601 640; x_wconf 87' lang='lat' dir='ltr'><strong>amicabilis</strong></span> <span class='ocrx_word' id='word_1_36' title='bbox 1633 599 1844 651; x_wconf 87' lang='lat' dir='ltr'><strong>caritatis;</strong></span> 
     </span>
     <span class='ocr_line' id='line_1_6' title="bbox 344 653 1844 711; baseline 0.001 -14"><span class='ocrx_word' id='word_1_37' title='bbox 344 656 459 711; x_wconf 91' lang='lat' dir='ltr'><strong>quod</strong></span> <span class='ocrx_word' id='word_1_38' title='bbox 478 655 586 697; x_wconf 90' lang='lat' dir='ltr'><strong>alter</strong></span> <span class='ocrx_word' id='word_1_39' title='bbox 603 653 727 696; x_wconf 89' lang='lat' dir='ltr'><strong>alteri</strong></span> <span class='ocrx_word' id='word_1_40' title='bbox 746 653 928 696; x_wconf 87' lang='lat' dir='ltr'><strong>libenter</strong></span> <span class='ocrx_word' id='word_1_41' title='bbox 946 654 1119 697; x_wconf 85' lang='lat' dir='ltr'><strong>assistat</strong></span> <span class='ocrx_word' id='word_1_42' title='bbox 1136 654 1183 696; x_wconf 90' lang='lat' dir='ltr'><strong>in</strong></span> <span class='ocrx_word' id='word_1_43' title='bbox 1202 655 1423 710; x_wconf 83' lang='lat' dir='ltr'><strong>prosperis,</strong></span> <span class='ocrx_word' id='word_1_44' title='bbox 1443 659 1486 697; x_wconf 90' lang='lat' dir='ltr'><strong>et</strong></span> <span class='ocrx_word' id='word_1_45' title='bbox 1505 668 1593 696; x_wconf 90' lang='lat' dir='ltr'><strong>non</strong></span> <span class='ocrx_word' id='word_1_46' title='bbox 1612 655 1778 698; x_wconf 89' lang='lat' dir='ltr'><strong>deficiat</strong></span> <span class='ocrx_word' id='word_1_47' title='bbox 1796 656 1844 697; x_wconf 86' lang='lat' dir='ltr'><strong>in</strong></span> 
     </span>
     <span class='ocr_line' id='line_1_7' title="bbox 344 711 1844 768; baseline 0 -13"><span class='ocrx_word' id='word_1_48' title='bbox 344 713 558 755; x_wconf 86' lang='lat' dir='ltr'><strong>adversis:</strong></span> <span class='ocrx_word' id='word_1_49' title='bbox 587 716 638 753; x_wconf 92' lang='lat' dir='ltr'><strong>ut</strong></span> <span class='ocrx_word' id='word_1_50' title='bbox 666 711 818 753; x_wconf 86' lang='lat' dir='ltr'><strong>saltem</strong></span> <span class='ocrx_word' id='word_1_51' title='bbox 837 711 1094 754; x_wconf 87' lang='lat' dir='ltr'><strong>defensionis</strong></span> <span class='ocrx_word' id='word_1_52' title='bbox 1124 717 1342 768; x_wconf 78' lang='lat' dir='ltr'><strong>oportunae</strong></span> <span class='ocrx_word' id='word_1_53' title='bbox 1369 712 1566 763; x_wconf 91' lang='lat' dir='ltr'><strong>remedio,</strong></span> <span class='ocrx_word' id='word_1_54' title='bbox 1584 725 1732 767; x_wconf 87' lang='lat' dir='ltr'><strong>pacem</strong></span> <span class='ocrx_word' id='word_1_55' title='bbox 1755 713 1844 755; x_wconf 91' lang='lat' dir='ltr'><strong>odi-</strong></span> 
     </span>
     <span class='ocr_line' id='line_1_8' title="bbox 346 768 1846 826; baseline -0.001 -13"><span class='ocrx_word' id='word_1_56' title='bbox 346 771 517 813; x_wconf 92' lang='lat' dir='ltr'><strong>encium</strong></span> <span class='ocrx_word' id='word_1_57' title='bbox 545 769 748 825; x_wconf 88' lang='lat' dir='ltr'><strong>repressis</strong></span> <span class='ocrx_word' id='word_1_58' title='bbox 780 768 1004 811; x_wconf 83' lang='lat' dir='ltr'><strong>salubriter</strong></span> <span class='ocrx_word' id='word_1_59' title='bbox 1031 770 1245 825; x_wconf 88' lang='lat' dir='ltr'><strong>injuriosis</strong></span> <span class='ocrx_word' id='word_1_60' title='bbox 1275 769 1517 821; x_wconf 86' lang='lat' dir='ltr'><strong>insultibus,</strong></span> <span class='ocrx_word' id='word_1_61' title='bbox 1545 770 1662 825; x_wconf 87' lang='lat' dir='ltr'><strong>pacis</strong></span> <span class='ocrx_word' id='word_1_62' title='bbox 1692 773 1846 826; x_wconf 86' lang='lat' dir='ltr'><strong>optatae</strong></span> 
     </span>
     <span class='ocr_line' id='line_1_9' title="bbox 345 827 1847 883; baseline 0 -13"><span class='ocrx_word' id='word_1_63' title='bbox 345 827 525 870; x_wconf 89' lang='lat' dir='ltr'><strong>dulcedo</strong></span> <span class='ocrx_word' id='word_1_64' title='bbox 558 827 791 883; x_wconf 87' lang='lat' dir='ltr'><strong>proveniat.</strong></span> <span class='ocrx_word' id='word_1_65' title='bbox 870 827 926 868; x_wconf 90' lang='lat' dir='ltr'><strong>In</strong></span> <span class='ocrx_word' id='word_1_66' title='bbox 954 827 1076 882; x_wconf 84' lang='lat' dir='ltr'><strong>cujus</strong></span> <span class='ocrx_word' id='word_1_67' title='bbox 1109 827 1410 883; x_wconf 84' lang='lat' dir='ltr'><strong>pulcritudine,</strong></span> <span class='ocrx_word' id='word_1_68' title='bbox 1439 827 1584 870; x_wconf 90' lang='lat' dir='ltr'><strong>devoti</strong></span> <span class='ocrx_word' id='word_1_69' title='bbox 1616 828 1734 883; x_wconf 88' lang='lat' dir='ltr'><strong>pacis</strong></span> <span class='ocrx_word' id='word_1_70' title='bbox 1766 827 1847 870; x_wconf 90' lang='lat' dir='ltr'><strong>filii</strong></span> 
     </span>
     <span class='ocr_line' id='line_1_10' title="bbox 344 884 1848 941; baseline 0 -14"><span class='ocrx_word' id='word_1_71' title='bbox 344 884 524 927; x_wconf 90' lang='lat' dir='ltr'><strong>Auctori</strong></span> <span class='ocrx_word' id='word_1_72' title='bbox 543 884 660 941; x_wconf 85' lang='lat' dir='ltr'><strong>pacis</strong></span> <span class='ocrx_word' id='word_1_73' title='bbox 680 898 728 927; x_wconf 91' lang='lat' dir='ltr'><strong>eo</strong></span> <span class='ocrx_word' id='word_1_74' title='bbox 748 884 959 936; x_wconf 81' lang='lat' dir='ltr'><strong>devocius,</strong></span> <span class='ocrx_word' id='word_1_75' title='bbox 974 884 1104 940; x_wconf 82' lang='lat' dir='ltr'><strong>quod²</strong></span> <span class='ocrx_word' id='word_1_76' title='bbox 1123 885 1407 940; x_wconf 88' lang='lat' dir='ltr'><strong>tranquillius,</strong></span> <span class='ocrx_word' id='word_1_77' title='bbox 1422 885 1690 927; x_wconf 84' lang='lat' dir='ltr'><strong>famulentur.</strong></span> <span class='ocrx_word' id='word_1_78' title='bbox 1737 885 1848 927; x_wconf 87' lang='lat' dir='ltr'><strong>Sane</strong></span> 
     </span>
     <span class='ocr_line' id='line_1_11' title="bbox 344 942 1847 999; baseline 0.001 -15"><span class='ocrx_word' id='word_1_79' title='bbox 344 943 520 985; x_wconf 87' lang='lat' dir='ltr'><strong>inclitus</strong></span> <span class='ocrx_word' id='word_1_80' title='bbox 558 943 753 999; x_wconf 88' lang='lat' dir='ltr'><strong>princeps</strong></span> <span class='ocrx_word' id='word_1_81' title='bbox 791 943 822 985; x_wconf 83' lang='lat' dir='ltr'>J</span> <span class='ocrx_word' id='word_1_82' title='bbox 824 943 1023 994; x_wconf 89' lang='lat' dir='ltr'><strong>ohannes,</strong></span> <span class='ocrx_word' id='word_1_83' title='bbox 1057 943 1277 985; x_wconf 84' lang='lat' dir='ltr'><strong>Scotorum</strong></span> <span class='ocrx_word' id='word_1_84' title='bbox 1315 957 1390 985; x_wconf 85' lang='lat' dir='ltr'><strong>rex</strong></span> <span class='ocrx_word' id='word_1_85' title='bbox 1428 943 1618 994; x_wconf 89' lang='lat' dir='ltr'><strong>illustris,</strong></span> <span class='ocrx_word' id='word_1_86' title='bbox 1652 942 1847 998; x_wconf 87' lang='lat' dir='ltr'><strong>specialis</strong></span> 
     </span>
     <span class='ocr_line' id='line_1_12' title="bbox 345 1000 1848 1056; baseline -0.001 -13"><span class='ocrx_word' id='word_1_87' title='bbox 345 1000 509 1043; x_wconf 89' lang='lat' dir='ltr'><strong>amicus</strong></span> <span class='ocrx_word' id='word_1_88' title='bbox 547 1005 701 1051; x_wconf 88' lang='lat' dir='ltr'><strong>noster,</strong></span> <span class='ocrx_word' id='word_1_89' title='bbox 738 1001 977 1056; x_wconf 82' lang='lat' dir='ltr'><strong>praemissas</strong></span> <span class='ocrx_word' id='word_1_90' title='bbox 1023 1000 1232 1043; x_wconf 82' lang='lat' dir='ltr'><strong>utilitates</strong></span> <span class='ocrx_word' id='word_1_91' title='bbox 1271 1005 1316 1043; x_wconf 91' lang='lat' dir='ltr'><strong>et</strong></span> <span class='ocrx_word' id='word_1_92' title='bbox 1356 1000 1575 1043; x_wconf 86' lang='lat' dir='ltr'><strong>commoda</strong></span> <span class='ocrx_word' id='word_1_93' title='bbox 1613 1001 1848 1051; x_wconf 90' lang='lat' dir='ltr'><strong>attendens,</strong></span> 
     </span>
     <span class='ocr_line' id='line_1_13' title="bbox 343 1056 1848 1113; baseline -0.001 -12"><span class='ocrx_word' id='word_1_94' title='bbox 343 1058 606 1101; x_wconf 84' lang='lat' dir='ltr'><strong>venerabiles</strong></span> <span class='ocrx_word' id='word_1_95' title='bbox 625 1062 778 1113; x_wconf 92' lang='lat' dir='ltr'><strong>patres,</strong></span> <span class='ocrx_word' id='word_1_96' title='bbox 797 1058 1064 1100; x_wconf 91' lang='lat' dir='ltr'><strong>Willelmum</strong></span> <span class='ocrx_word' id='word_1_97' title='bbox 1082 1058 1180 1101; x_wconf 80' lang='lat' dir='ltr'><strong>viz.²</strong></span> <span class='ocrx_word' id='word_1_98' title='bbox 1200 1058 1510 1100; x_wconf 87' lang='lat' dir='ltr'><strong>Sanctiandreae</strong></span> <span class='ocrx_word' id='word_1_99' title='bbox 1529 1062 1573 1100; x_wconf 92' lang='lat' dir='ltr'><strong>et</strong></span> <span class='ocrx_word' id='word_1_100' title='bbox 1593 1056 1848 1100; x_wconf 81' lang='lat' dir='ltr'><strong>Martinum³</strong></span> 
     </span>
     <span class='ocr_line' id='line_1_14' title="bbox 344 1114 1849 1171; baseline -0.001 -13"><span class='ocrx_word' id='word_1_101' title='bbox 344 1115 697 1159; x_wconf 89' lang='lat' dir='ltr'><strong>Dunkeldensem</strong></span> <span class='ocrx_word' id='word_1_102' title='bbox 744 1115 991 1171; x_wconf 80' lang='lat' dir='ltr'><strong>episcopos,⁴</strong></span> <span class='ocrx_word' id='word_1_103' title='bbox 1026 1116 1058 1158; x_wconf 87' lang='lat' dir='ltr'><strong>J</strong></span> <span class='ocrx_word' id='word_1_104' title='bbox 1059 1115 1269 1158; x_wconf 90' lang='lat' dir='ltr'><strong>ohannem</strong></span> <span class='ocrx_word' id='word_1_105' title='bbox 1307 1116 1360 1158; x_wconf 89' lang='lat' dir='ltr'><strong>de</strong></span> <span class='ocrx_word' id='word_1_106' title='bbox 1395 1116 1546 1166; x_wconf 89' lang='lat' dir='ltr'><strong>Soulis,</strong></span> <span class='ocrx_word' id='word_1_107' title='bbox 1586 1114 1849 1171; x_wconf 83' lang='lat' dir='ltr'><strong>Ingramum⁵</strong></span> 
     </span>
     <span class='ocr_line' id='line_1_15' title="bbox 345 1173 1849 1229; baseline -0.001 -13"><span class='ocrx_word' id='word_1_108' title='bbox 345 1173 399 1217; x_wconf 90' lang='lat' dir='ltr'><strong>de</strong></span> <span class='ocrx_word' id='word_1_109' title='bbox 419 1173 719 1225; x_wconf 84' lang='lat' dir='ltr'><strong>Humfraville,</strong></span> <span class='ocrx_word' id='word_1_110' title='bbox 738 1174 916 1216; x_wconf 90' lang='lat' dir='ltr'><strong>nuncios</strong></span> <span class='ocrx_word' id='word_1_111' title='bbox 937 1178 980 1216; x_wconf 89' lang='lat' dir='ltr'><strong>et</strong></span> <span class='ocrx_word' id='word_1_112' title='bbox 998 1178 1284 1229; x_wconf 88' lang='lat' dir='ltr'><strong>procuratores</strong></span> <span class='ocrx_word' id='word_1_113' title='bbox 1308 1186 1406 1215; x_wconf 92' lang='lat' dir='ltr'><strong>suos</strong></span> <span class='ocrx_word' id='word_1_114' title='bbox 1436 1173 1490 1215; x_wconf 88' lang='lat' dir='ltr'><strong>ad</strong></span> <span class='ocrx_word' id='word_1_115' title='bbox 1509 1173 1590 1215; x_wconf 92' lang='lat' dir='ltr'><strong>hoc</strong></span> <span class='ocrx_word' id='word_1_116' title='bbox 1609 1173 1849 1228; x_wconf 89' lang='lat' dir='ltr'><strong>specialiter</strong></span> 
     </span>
     <span class='ocr_line' id='line_1_16' title="bbox 346 1229 1848 1286; baseline -0.001 -12"><span class='ocrx_word' id='word_1_117' title='bbox 346 1231 612 1283; x_wconf 88' lang='lat' dir='ltr'><strong>constitutos,</strong></span> <span class='ocrx_word' id='word_1_118' title='bbox 630 1236 757 1286; x_wconf 90' lang='lat' dir='ltr'><strong>prout</strong></span> <span class='ocrx_word' id='word_1_119' title='bbox 775 1231 822 1273; x_wconf 88' lang='lat' dir='ltr'><strong>in</strong></span> <span class='ocrx_word' id='word_1_120' title='bbox 834 1231 1088 1286; x_wconf 87' lang='lat' dir='ltr'><strong>quibusdam</strong></span> <span class='ocrx_word' id='word_1_121' title='bbox 1106 1231 1241 1273; x_wconf 89' lang='lat' dir='ltr'><strong>literis</strong></span> <span class='ocrx_word' id='word_1_122' title='bbox 1261 1229 1619 1286; x_wconf 80' lang='lat' dir='ltr'><strong>procuratoribus⁶</strong></span> <span class='ocrx_word' id='word_1_123' title='bbox 1634 1230 1734 1273; x_wconf 91' lang='lat' dir='ltr'><strong>inde</strong></span> <span class='ocrx_word' id='word_1_124' title='bbox 1749 1244 1848 1272; x_wconf 90' lang='lat' dir='ltr'><strong>con-</strong></span> 
     </span>
     <span class='ocr_line' id='line_1_17' title="bbox 346 1287 1848 1345; baseline -0.002 -13"><span class='ocrx_word' id='word_1_125' title='bbox 346 1289 483 1340; x_wconf 85' lang='lat' dir='ltr'><strong>fectis,</strong></span> <span class='ocrx_word' id='word_1_126' title='bbox 510 1290 648 1345; x_wconf 90' lang='lat' dir='ltr'><strong>ipsius</strong></span> <span class='ocrx_word' id='word_1_127' title='bbox 681 1289 789 1344; x_wconf 88' lang='lat' dir='ltr'><strong>regis</strong></span> <span class='ocrx_word' id='word_1_128' title='bbox 819 1289 958 1344; x_wconf 84' lang='lat' dir='ltr'><strong>sigillo</strong></span> <span class='ocrx_word' id='word_1_129' title='bbox 991 1289 1182 1340; x_wconf 90' lang='lat' dir='ltr'><strong>munitis,</strong></span> <span class='ocrx_word' id='word_1_130' title='bbox 1209 1288 1378 1344; x_wconf 90' lang='lat' dir='ltr'><strong>plenius</strong></span> <span class='ocrx_word' id='word_1_131' title='bbox 1408 1289 1659 1338; x_wconf 89' lang='lat' dir='ltr'><strong>continetur,</strong></span> <span class='ocrx_word' id='word_1_132' title='bbox 1688 1287 1743 1330; x_wconf 92' lang='lat' dir='ltr'><strong>ad</strong></span> <span class='ocrx_word' id='word_1_133' title='bbox 1771 1300 1848 1329; x_wconf 91' lang='lat' dir='ltr'><strong>nos</strong></span> 
     </span>
     <span class='ocr_line' id='line_1_18' title="bbox 344 1345 1847 1403; baseline -0.001 -14"><span class='ocrx_word' id='word_1_134' title='bbox 344 1361 422 1403; x_wconf 91' lang='lat' dir='ltr'><strong>pro</strong></span> <span class='ocrx_word' id='word_1_135' title='bbox 442 1346 738 1389; x_wconf 89' lang='lat' dir='ltr'><strong>contrahendis</strong></span> <span class='ocrx_word' id='word_1_136' title='bbox 754 1346 1185 1389; x_wconf 89' lang='lat' dir='ltr'><strong>confoederacionibus</strong></span> <span class='ocrx_word' id='word_1_137' title='bbox 1197 1351 1241 1388; x_wconf 91' lang='lat' dir='ltr'><strong>et</strong></span> <span class='ocrx_word' id='word_1_138' title='bbox 1254 1346 1458 1388; x_wconf 89' lang='lat' dir='ltr'><strong>amiciciis</strong></span> <span class='ocrx_word' id='word_1_139' title='bbox 1473 1345 1714 1388; x_wconf 87' lang='lat' dir='ltr'><strong>destinavit.</strong></span> <span class='ocrx_word' id='word_1_140' title='bbox 1756 1346 1847 1387; x_wconf 88' lang='lat' dir='ltr'><strong>Nos</strong></span> 
     </span>
     <span class='ocr_line' id='line_1_19' title="bbox 344 1403 1849 1460; baseline -0.002 -13"><span class='ocrx_word' id='word_1_141' title='bbox 344 1406 504 1460; x_wconf 87' lang='lat' dir='ltr'><strong>itaque,</strong></span> <span class='ocrx_word' id='word_1_142' title='bbox 519 1403 702 1447; x_wconf 84' lang='lat' dir='ltr'><strong>devotis⁷</strong></span> <span class='ocrx_word' id='word_1_143' title='bbox 720 1403 935 1446; x_wconf 78' lang='lat' dir='ltr'><strong>laudibus⁸</strong></span> <span class='ocrx_word' id='word_1_144' title='bbox 952 1404 1088 1459; x_wconf 89' lang='lat' dir='ltr'><strong>ipsius</strong></span> <span class='ocrx_word' id='word_1_145' title='bbox 1107 1404 1216 1459; x_wconf 87' lang='lat' dir='ltr'><strong>regis</strong></span> <span class='ocrx_word' id='word_1_146' title='bbox 1235 1404 1282 1446; x_wconf 90' lang='lat' dir='ltr'><strong>in</strong></span> <span class='ocrx_word' id='word_1_147' title='bbox 1301 1404 1380 1446; x_wconf 87' lang='lat' dir='ltr'><strong>hac</strong></span> <span class='ocrx_word' id='word_1_148' title='bbox 1399 1408 1519 1459; x_wconf 89' lang='lat' dir='ltr'><strong>parte</strong></span> <span class='ocrx_word' id='word_1_149' title='bbox 1538 1407 1655 1459; x_wconf 89' lang='lat' dir='ltr'><strong>grato</strong></span> <span class='ocrx_word' id='word_1_150' title='bbox 1674 1416 1849 1445; x_wconf 90' lang='lat' dir='ltr'><strong>concur-</strong></span> 
     </span>
     <span class='ocr_line' id='line_1_20' title="bbox 346 1460 1851 1516; baseline -0.002 -11"><span class='ocrx_word' id='word_1_151' title='bbox 346 1467 488 1506; x_wconf 88' lang='lat' dir='ltr'><strong>rentes</strong></span> <span class='ocrx_word' id='word_1_152' title='bbox 519 1462 673 1513; x_wconf 91' lang='lat' dir='ltr'><strong>animo,</strong></span> <span class='ocrx_word' id='word_1_153' title='bbox 698 1466 748 1504; x_wconf 92' lang='lat' dir='ltr'><strong>ut</strong></span> <span class='ocrx_word' id='word_1_154' title='bbox 781 1461 909 1516; x_wconf 84' lang='lat' dir='ltr'><strong>hujus</strong></span> <span class='ocrx_word' id='word_1_155' title='bbox 943 1461 1315 1504; x_wconf 89' lang='lat' dir='ltr'><strong>confoederacionis</strong></span> <span class='ocrx_word' id='word_1_156' title='bbox 1349 1460 1542 1503; x_wconf 83' lang='lat' dir='ltr'><strong>affectus⁹</strong></span> <span class='ocrx_word' id='word_1_157' title='bbox 1572 1464 1616 1503; x_wconf 93' lang='lat' dir='ltr'><strong>et</strong></span> <span class='ocrx_word' id='word_1_158' title='bbox 1646 1460 1851 1502; x_wconf 75' lang='lat' dir='ltr'><strong>amiciciae</strong></span> 
     </span>
     <span class='ocr_line' id='line_1_21' title="bbox 347 1518 1849 1575; baseline -0.002 -13"><span class='ocrx_word' id='word_1_159' title='bbox 347 1521 575 1563; x_wconf 74' lang='lat' dir='ltr'><strong>fructuosae</strong></span> <span class='ocrx_word' id='word_1_160' title='bbox 605 1519 865 1562; x_wconf 89' lang='lat' dir='ltr'><strong>contentus¹⁰</strong></span> <span class='ocrx_word' id='word_1_161' title='bbox 894 1532 943 1562; x_wconf 94' lang='lat' dir='ltr'><strong>eo</strong></span> <span class='ocrx_word' id='word_1_162' title='bbox 972 1519 1205 1562; x_wconf 89' lang='lat' dir='ltr'><strong>ferventius</strong></span> <span class='ocrx_word' id='word_1_163' title='bbox 1233 1518 1417 1575; x_wconf 84' lang='lat' dir='ltr'><strong>vigilat¹¹</strong></span> <span class='ocrx_word' id='word_1_164' title='bbox 1446 1518 1726 1573; x_wconf 88' lang='lat' dir='ltr'><strong>stabiliusque</strong></span> <span class='ocrx_word' id='word_1_165' title='bbox 1755 1531 1849 1573; x_wconf 89' lang='lat' dir='ltr'><strong>per-</strong></span> 
     </span>
     <span class='ocr_line' id='line_1_22' title="bbox 346 1576 1850 1633; baseline -0.003 -13"><span class='ocrx_word' id='word_1_166' title='bbox 346 1577 484 1629; x_wconf 87' lang='lat' dir='ltr'><strong>duret,</strong></span> <span class='ocrx_word' id='word_1_167' title='bbox 503 1591 588 1633; x_wconf 91' lang='lat' dir='ltr'><strong>quo</strong></span> <span class='ocrx_word' id='word_1_168' title='bbox 607 1591 724 1620; x_wconf 80' lang='lat' dir='ltr'><strong>nexu</strong></span> <span class='ocrx_word' id='word_1_169' title='bbox 751 1576 918 1619; x_wconf 88' lang='lat' dir='ltr'><strong>forciori</strong></span> <span class='ocrx_word' id='word_1_170' title='bbox 937 1577 1066 1620; x_wconf 88' lang='lat' dir='ltr'><strong>fuerit</strong></span> <span class='ocrx_word' id='word_1_171' title='bbox 1094 1577 1323 1627; x_wconf 57' lang='lat' dir='ltr'><strong>confectus»,</strong></span> <span class='ocrx_word' id='word_1_172' title='bbox 1342 1580 1600 1619; x_wconf 86' lang='lat' dir='ltr'><strong>conventum</strong></span> <span class='ocrx_word' id='word_1_173' title='bbox 1618 1580 1662 1618; x_wconf 92' lang='lat' dir='ltr'><strong>et</strong></span> <span class='ocrx_word' id='word_1_174' title='bbox 1681 1588 1850 1617; x_wconf 91' lang='lat' dir='ltr'><strong>concor-</strong></span> 
     </span>
     <span class='ocr_line' id='line_1_23' title="bbox 346 1632 1851 1689; baseline -0.002 -12"><span class='ocrx_word' id='word_1_175' title='bbox 346 1636 496 1678; x_wconf 88' lang='lat' dir='ltr'><strong>datum</strong></span> <span class='ocrx_word' id='word_1_176' title='bbox 515 1635 660 1677; x_wconf 91' lang='lat' dir='ltr'><strong>extitit</strong></span> <span class='ocrx_word' id='word_1_177' title='bbox 678 1635 791 1676; x_wconf 89' lang='lat' dir='ltr'><strong>inter</strong></span> <span class='ocrx_word' id='word_1_178' title='bbox 809 1648 897 1685; x_wconf 90' lang='lat' dir='ltr'><strong>nos,</strong></span> <span class='ocrx_word' id='word_1_179' title='bbox 916 1634 969 1677; x_wconf 91' lang='lat' dir='ltr'><strong>de</strong></span> <span class='ocrx_word' id='word_1_180' title='bbox 987 1634 1209 1677; x_wconf 84' lang='lat' dir='ltr'><strong>voluntate</strong></span> <span class='ocrx_word' id='word_1_181' title='bbox 1228 1637 1272 1677; x_wconf 90' lang='lat' dir='ltr'><strong>et</strong></span> <span class='ocrx_word' id='word_1_182' title='bbox 1290 1633 1498 1676; x_wconf 78' lang='lat' dir='ltr'><strong>assensu12</strong></span> <span class='ocrx_word' id='word_1_183' title='bbox 1510 1632 1698 1689; x_wconf 87' lang='lat' dir='ltr'><strong>germani</strong></span> <span class='ocrx_word' id='word_1_184' title='bbox 1717 1632 1851 1675; x_wconf 86' lang='lat' dir='ltr'><strong>karis-</strong></span> 
     </span>
     <span class='ocr_line' id='line_1_24' title="bbox 347 1690 1850 1747; baseline -0.002 -12"><span class='ocrx_word' id='word_1_185' title='bbox 347 1692 447 1736; x_wconf 90' lang='lat' dir='ltr'><strong>simi</strong></span> <span class='ocrx_word' id='word_1_186' title='bbox 475 1692 610 1735; x_wconf 88' lang='lat' dir='ltr'><strong>nostri</strong></span> <span class='ocrx_word' id='word_1_187' title='bbox 629 1697 673 1734; x_wconf 94' lang='lat' dir='ltr'><strong>et</strong></span> <span class='ocrx_word' id='word_1_188' title='bbox 691 1691 832 1734; x_wconf 89' lang='lat' dir='ltr'><strong>fidelis·</strong></span> <span class='ocrx_word' id='word_1_189' title='bbox 859 1691 1011 1734; x_wconf 87' lang='lat' dir='ltr'><strong>Karoli</strong></span> <span class='ocrx_word' id='word_1_190' title='bbox 1029 1692 1082 1734; x_wconf 90' lang='lat' dir='ltr'><strong>de</strong></span> <span class='ocrx_word' id='word_1_191' title='bbox 1101 1692 1251 1734; x_wconf 86' lang='lat' dir='ltr'><strong>Valoiz</strong></span> <span class='ocrx_word' id='word_1_192' title='bbox 1270 1696 1313 1734; x_wconf 94' lang='lat' dir='ltr'><strong>et</strong></span> <span class='ocrx_word' id='word_1_193' title='bbox 1332 1691 1650 1747; x_wconf 87' lang='lat' dir='ltr'><strong>Andegavensis</strong></span> <span class='ocrx_word' id='word_1_194' title='bbox 1670 1690 1850 1741; x_wconf 87' lang='lat' dir='ltr'><strong>comitis,</strong></span> 
     </span>
     <span class='ocr_line' id='line_1_25' title="bbox 346 1746 1853 1806; baseline -0.003 -12"><span class='ocrx_word' id='word_1_195' title='bbox 346 1756 392 1794; x_wconf 92' lang='lat' dir='ltr'><strong>et</strong></span> <span class='ocrx_word' id='word_1_196' title='bbox 419 1754 708 1806; x_wconf 86' lang='lat' dir='ltr'><strong>procuratores</strong></span> <span class='ocrx_word' id='word_1_197' title='bbox 726 1749 949 1805; x_wconf 88' lang='lat' dir='ltr'><strong>praedictos</strong></span> <span class='ocrx_word' id='word_1_198' title='bbox 972 1750 1256 1805; x_wconf 86' lang='lat' dir='ltr'><strong>procuratorio</strong></span> <span class='ocrx_word' id='word_1_199' title='bbox 1285 1749 1457 1792; x_wconf 92' lang='lat' dir='ltr'><strong>nomine</strong></span> <span class='ocrx_word' id='word_1_200' title='bbox 1485 1748 1678 1804; x_wconf 75' lang='lat' dir='ltr'><strong>praedicti</strong></span> <span class='ocrx_word' id='word_1_201' title='bbox 1695 1746 1853 1804; x_wconf 81' lang='lat' dir='ltr'><strong>regis,¹⁸</strong></span> 
     </span>
     <span class='ocr_line' id='line_1_26' title="bbox 347 1805 1851 1864; baseline -0.003 -14"><span class='ocrx_word' id='word_1_202' title='bbox 347 1808 463 1864; x_wconf 92' lang='lat' dir='ltr'><strong>quod</strong></span> <span class='ocrx_word' id='word_1_203' title='bbox 481 1808 593 1851; x_wconf 91' lang='lat' dir='ltr'><strong>inter</strong></span> <span class='ocrx_word' id='word_1_204' title='bbox 620 1807 888 1858; x_wconf 88' lang='lat' dir='ltr'><strong>Edwardum,</strong></span> <span class='ocrx_word' id='word_1_205' title='bbox 907 1808 1236 1864; x_wconf 90' lang='lat' dir='ltr'><strong>primogenitum</strong></span> <span class='ocrx_word' id='word_1_206' title='bbox 1263 1807 1373 1862; x_wconf 87' lang='lat' dir='ltr'><strong>regis</strong></span> <span class='ocrx_word' id='word_1_207' title='bbox 1398 1806 1620 1861; x_wconf 91' lang='lat' dir='ltr'><strong>filiumque</strong></span> <span class='ocrx_word' id='word_1_208' title='bbox 1649 1805 1851 1859; x_wconf 90' lang='lat' dir='ltr'><strong>ejusdem,</strong></span> 
     </span>
     <span class='ocr_line' id='line_1_27' title="bbox 347 1862 1851 1922; baseline -0.003 -14"><span class='ocrx_word' id='word_1_209' title='bbox 347 1867 539 1909; x_wconf 88' lang='lat' dir='ltr'><strong>futurum</strong></span> <span class='ocrx_word' id='word_1_210' title='bbox 560 1879 702 1922; x_wconf 87' lang='lat' dir='ltr'><strong>regem</strong></span> <span class='ocrx_word' id='word_1_211' title='bbox 722 1865 888 1916; x_wconf 89' lang='lat' dir='ltr'><strong>Scociae,</strong></span> <span class='ocrx_word' id='word_1_212' title='bbox 910 1870 954 1908; x_wconf 91' lang='lat' dir='ltr'><strong>et</strong></span> <span class='ocrx_word' id='word_1_213' title='bbox 972 1865 1105 1907; x_wconf 88' lang='lat' dir='ltr'><strong>filiam</strong></span> <span class='ocrx_word' id='word_1_214' title='bbox 1123 1864 1313 1921; x_wconf 87' lang='lat' dir='ltr'><strong>germani</strong></span> <span class='ocrx_word' id='word_1_215' title='bbox 1341 1864 1475 1906; x_wconf 88' lang='lat' dir='ltr'><strong>nostri</strong></span> <span class='ocrx_word' id='word_1_216' title='bbox 1493 1862 1686 1918; x_wconf 86' lang='lat' dir='ltr'><strong>praedicti</strong></span> <span class='ocrx_word' id='word_1_217' title='bbox 1703 1862 1851 1904; x_wconf 90' lang='lat' dir='ltr'><strong>matri-</strong></span> 
     </span>
     <span class='ocr_line' id='line_1_28' title="bbox 347 1919 1848 1978; baseline -0.004 -12"><span class='ocrx_word' id='word_1_218' title='bbox 347 1924 542 1966; x_wconf 91' lang='lat' dir='ltr'><strong>monium</strong></span> <span class='ocrx_word' id='word_1_219' title='bbox 573 1922 890 1966; x_wconf 86' lang='lat' dir='ltr'><strong>contraheretur</strong></span> <span class='ocrx_word' id='word_1_220' title='bbox 906 1922 950 1965; x_wconf 74' lang='lat'><strong>:14</strong></span> <span class='ocrx_word' id='word_1_221' title='bbox 977 1923 1048 1965; x_wconf 93' lang='lat' dir='ltr'><strong>cui</strong></span> <span class='ocrx_word' id='word_1_222' title='bbox 1086 1923 1175 1978; x_wconf 86' lang='lat' dir='ltr'><strong>regi</strong></span> <span class='ocrx_word' id='word_1_223' title='bbox 1213 1922 1381 1972; x_wconf 86' lang='lat' dir='ltr'><strong>Scociae,</strong></span> <span class='ocrx_word' id='word_1_224' title='bbox 1419 1921 1590 1963; x_wconf 89' lang='lat' dir='ltr'><strong>nomine</strong></span> <span class='ocrx_word' id='word_1_225' title='bbox 1623 1920 1729 1962; x_wconf 88' lang='lat' dir='ltr'><strong>dicti</strong></span> <span class='ocrx_word' id='word_1_226' title='bbox 1759 1919 1848 1970; x_wconf 91' lang='lat' dir='ltr'><strong>filii,</strong></span> 
     </span>
     <span class='ocr_line' id='line_1_29' title="bbox 346 1977 1853 2038; baseline -0.004 -14"><span class='ocrx_word' id='word_1_227' title='bbox 346 1982 637 2038; x_wconf 88' lang='lat' dir='ltr'><strong>promittimus</strong></span> <span class='ocrx_word' id='word_1_228' title='bbox 666 1981 766 2023; x_wconf 89' lang='lat' dir='ltr'><strong>dare</strong></span> <span class='ocrx_word' id='word_1_229' title='bbox 795 1981 843 2022; x_wconf 89' lang='lat' dir='ltr'><strong>in</strong></span> <span class='ocrx_word' id='word_1_230' title='bbox 871 1980 1191 2022; x_wconf 89' lang='lat' dir='ltr'><strong>matrimonium</strong></span> <span class='ocrx_word' id='word_1_231' title='bbox 1222 1993 1320 2021; x_wconf 90' lang='lat' dir='ltr'><strong>cum</strong></span> <span class='ocrx_word' id='word_1_232' title='bbox 1347 1978 1550 2034; x_wconf 86' lang='lat' dir='ltr'><strong>praedicta</strong></span> <span class='ocrx_word' id='word_1_233' title='bbox 1577 1977 1668 2020; x_wconf 89' lang='lat' dir='ltr'><strong>filia</strong></span> <span class='ocrx_word' id='word_1_234' title='bbox 1694 1977 1853 2032; x_wconf 87' lang='lat' dir='ltr'><strong>viginti</strong></span> 
     </span>
     <span class='ocr_line' id='line_1_30' title="bbox 349 2035 1852 2095; baseline -0.003 -14"><span class='ocrx_word' id='word_1_235' title='bbox 349 2040 540 2095; x_wconf 90' lang='lat' dir='ltr'><strong>quinque</strong></span> <span class='ocrx_word' id='word_1_236' title='bbox 568 2038 706 2080; x_wconf 89' lang='lat' dir='ltr'><strong>millia</strong></span> <span class='ocrx_word' id='word_1_237' title='bbox 731 2037 1071 2080; x_wconf 72' lang='lat' dir='ltr'><strong>Turenensiurn15</strong></span> <span class='ocrx_word' id='word_1_238' title='bbox 1090 2037 1138 2079; x_wconf 89' lang='lat' dir='ltr'><strong>in</strong></span> <span class='ocrx_word' id='word_1_239' title='bbox 1166 2037 1347 2092; x_wconf 89' lang='lat' dir='ltr'><strong>pecunia</strong></span> <span class='ocrx_word' id='word_1_240' title='bbox 1375 2040 1618 2088; x_wconf 89' lang='lat' dir='ltr'><strong>numerata;</strong></span> <span class='ocrx_word' id='word_1_241' title='bbox 1652 2035 1852 2090; x_wconf 90' lang='lat' dir='ltr'><strong>idemque</strong></span> 
     </span>
     <span class='ocr_line' id='line_1_31' title="bbox 348 2092 1850 2151; baseline -0.004 -12"><span class='ocrx_word' id='word_1_242' title='bbox 348 2110 424 2139; x_wconf 85' lang='lat' dir='ltr'><strong>rex</strong></span> <span class='ocrx_word' id='word_1_243' title='bbox 445 2096 602 2140; x_wconf 88' lang='lat' dir='ltr'><strong>Scociae</strong></span> <span class='ocrx_word' id='word_1_244' title='bbox 615 2095 834 2151; x_wconf 74' lang='lat' dir='ltr'><strong>praefatae¹⁶</strong></span> <span class='ocrx_word' id='word_1_245' title='bbox 845 2096 875 2138; x_wconf 86' lang='lat' dir='ltr'>J</span> <span class='ocrx_word' id='word_1_246' title='bbox 877 2095 1063 2137; x_wconf 90' lang='lat' dir='ltr'><strong>ohannes</strong></span> <span class='ocrx_word' id='word_1_247' title='bbox 1083 2094 1202 2137; x_wconf 92' lang='lat' dir='ltr'><strong>mille</strong></span> <span class='ocrx_word' id='word_1_248' title='bbox 1216 2093 1494 2150; x_wconf 77' lang='lat' dir='ltr'><strong>quingintas1⁷</strong></span> <span class='ocrx_word' id='word_1_249' title='bbox 1509 2093 1638 2135; x_wconf 88' lang='lat' dir='ltr'><strong>libras</strong></span> <span class='ocrx_word' id='word_1_250' title='bbox 1654 2092 1850 2147; x_wconf 88' lang='lat' dir='ltr'><strong>Stirling-</strong></span> 
     </span>
     <span class='ocr_line' id='line_1_32' title="bbox 349 2151 1853 2205; baseline -0.004 -8"><span class='ocrx_word' id='word_1_251' title='bbox 349 2168 472 2197; x_wconf 92' lang='lat' dir='ltr'><strong>orum</strong></span> <span class='ocrx_word' id='word_1_252' title='bbox 505 2154 638 2197; x_wconf 88' lang='lat' dir='ltr'><strong>annui</strong></span> <span class='ocrx_word' id='word_1_253' title='bbox 671 2153 864 2196; x_wconf 89' lang='lat' dir='ltr'><strong>redditus</strong></span> <span class='ocrx_word' id='word_1_254' title='bbox 898 2153 945 2195; x_wconf 91' lang='lat' dir='ltr'><strong>in</strong></span> <span class='ocrx_word' id='word_1_255' title='bbox 978 2151 1231 2203; x_wconf 80' lang='lat' dir='ltr'><strong>dotalium,¹⁸</strong></span> <span class='ocrx_word' id='word_1_256' title='bbox 1266 2165 1341 2194; x_wconf 90' lang='lat' dir='ltr'><strong>seu</strong></span> <span class='ocrx_word' id='word_1_257' title='bbox 1375 2151 1652 2201; x_wconf 91' lang='lat' dir='ltr'><strong>dotacionem,</strong></span> <span class='ocrx_word' id='word_1_258' title='bbox 1682 2153 1853 2205; x_wconf 90' lang='lat' dir='ltr'><strong>propter</strong></span> 
     </span>
     <span class='ocr_line' id='line_1_33' title="bbox 347 2208 1852 2268; baseline -0.003 -14"><span class='ocrx_word' id='word_1_259' title='bbox 347 2212 571 2268; x_wconf 85' lang='lat' dir='ltr'><strong>praedictas</strong></span> <span class='ocrx_word' id='word_1_260' title='bbox 590 2211 781 2267; x_wconf 85' lang='lat' dir='ltr'><strong>nupcias,</strong></span> <span class='ocrx_word' id='word_1_261' title='bbox 794 2210 893 2253; x_wconf 89' lang='lat' dir='ltr'><strong>dare</strong></span> <span class='ocrx_word' id='word_1_262' title='bbox 912 2215 956 2253; x_wconf 85' lang='lat' dir='ltr'><strong>et</strong></span> <span class='ocrx_word' id='word_1_263' title='bbox 974 2211 1187 2266; x_wconf 88' lang='lat' dir='ltr'><strong>assignare</strong></span> <span class='ocrx_word' id='word_1_264' title='bbox 1205 2209 1429 2252; x_wconf 91' lang='lat' dir='ltr'><strong>tenebitur.</strong></span> <span class='ocrx_word' id='word_1_265' title='bbox 1486 2209 1556 2251; x_wconf 92' lang='lat' dir='ltr'><strong>De</strong></span> <span class='ocrx_word' id='word_1_266' title='bbox 1575 2208 1742 2264; x_wconf 90' lang='lat' dir='ltr'><strong>quibus,</strong></span> <span class='ocrx_word' id='word_1_267' title='bbox 1753 2220 1852 2249; x_wconf 91' lang='lat' dir='ltr'><strong>cum</strong></span> 
     </span>
     <span class='ocr_line' id='line_1_34' title="bbox 344 2264 1850 2325; baseline -0.004 -13"><span class='ocrx_word' id='word_1_268' title='bbox 344 2270 532 2325; x_wconf 84' lang='lat' dir='ltr'><strong>justiciis</strong></span> <span class='ocrx_word' id='word_1_269' title='bbox 547 2274 591 2312; x_wconf 94' lang='lat' dir='ltr'><strong>et</strong></span> <span class='ocrx_word' id='word_1_270' title='bbox 605 2268 976 2324; x_wconf 89' lang='lat' dir='ltr'><strong>jurisdiccionibus</strong></span> <span class='ocrx_word' id='word_1_271' title='bbox 996 2267 1249 2310; x_wconf 89' lang='lat' dir='ltr'><strong>omnimodis</strong></span> <span class='ocrx_word' id='word_1_272' title='bbox 1269 2267 1323 2309; x_wconf 91' lang='lat' dir='ltr'><strong>ad</strong></span> <span class='ocrx_word' id='word_1_273' title='bbox 1343 2264 1571 2309; x_wconf 83' lang='lat' dir='ltr'><strong>coronam¹⁹</strong></span> <span class='ocrx_word' id='word_1_274' title='bbox 1585 2265 1744 2320; x_wconf 88' lang='lat' dir='ltr'><strong>regiam</strong></span> <span class='ocrx_word' id='word_1_275' title='bbox 1762 2278 1850 2306; x_wconf 87' lang='lat' dir='ltr'><strong>non</strong></span> 
     </span>
     <span class='ocr_line' id='line_1_35' title="bbox 349 2323 1851 2382; baseline -0.004 -13"><span class='ocrx_word' id='word_1_276' title='bbox 349 2325 686 2382; x_wconf 77' lang='lat' dir='ltr'><strong>spectantibus‚²⁰</strong></span> <span class='ocrx_word' id='word_1_277' title='bbox 696 2327 744 2369; x_wconf 91' lang='lat' dir='ltr'><strong>in</strong></span> <span class='ocrx_word' id='word_1_278' title='bbox 757 2326 861 2368; x_wconf 87' lang='lat' dir='ltr'><strong>locis</strong></span> <span class='ocrx_word' id='word_1_279' title='bbox 876 2325 1168 2381; x_wconf 87' lang='lat' dir='ltr'><strong>infrascriptis,</strong></span> <span class='ocrx_word' id='word_1_280' title='bbox 1179 2325 1257 2367; x_wconf 88' lang='lat' dir='ltr'><strong>viz.</strong></span> <span class='ocrx_word' id='word_1_281' title='bbox 1271 2325 1324 2367; x_wconf 89' lang='lat' dir='ltr'><strong>de</strong></span> <span class='ocrx_word' id='word_1_282' title='bbox 1337 2324 1528 2375; x_wconf 89' lang='lat' dir='ltr'><strong>Balliolo,</strong></span> <span class='ocrx_word' id='word_1_283' title='bbox 1541 2323 1593 2366; x_wconf 91' lang='lat' dir='ltr'><strong>de</strong></span> <span class='ocrx_word' id='word_1_284' title='bbox 1608 2323 1851 2376; x_wconf 89' lang='lat' dir='ltr'><strong>Dampetra,</strong></span> 
     </span>
     <span class='ocr_line' id='line_1_36' title="bbox 349 2378 1850 2439; baseline -0.005 -13"><span class='ocrx_word' id='word_1_285' title='bbox 349 2385 403 2426; x_wconf 91' lang='lat' dir='ltr'><strong>de</strong></span> <span class='ocrx_word' id='word_1_286' title='bbox 420 2383 685 2435; x_wconf 76' lang='lat' dir='ltr'><strong>Olincourt,2¹</strong></span> <span class='ocrx_word' id='word_1_287' title='bbox 701 2388 744 2427; x_wconf 92' lang='lat' dir='ltr'><strong>et</strong></span> <span class='ocrx_word' id='word_1_288' title='bbox 756 2384 808 2426; x_wconf 93' lang='lat' dir='ltr'><strong>de</strong></span> <span class='ocrx_word' id='word_1_289' title='bbox 828 2384 992 2439; x_wconf 87' lang='lat' dir='ltr'><strong>Horny,</strong></span> <span class='ocrx_word' id='word_1_290' title='bbox 1006 2383 1054 2426; x_wconf 89' lang='lat' dir='ltr'><strong>in</strong></span> <span class='ocrx_word' id='word_1_291' title='bbox 1067 2396 1194 2439; x_wconf 88' lang='lat' dir='ltr'><strong>regno</strong></span> <span class='ocrx_word' id='word_1_292' title='bbox 1214 2382 1413 2433; x_wconf 88' lang='lat' dir='ltr'><strong>Franciae,</strong></span> <span class='ocrx_word' id='word_1_293' title='bbox 1427 2394 1593 2424; x_wconf 91' lang='lat' dir='ltr'><strong>necnon</strong></span> <span class='ocrx_word' id='word_1_294' title='bbox 1607 2380 1659 2422; x_wconf 92' lang='lat' dir='ltr'><strong>de</strong></span> <span class='ocrx_word' id='word_1_295' title='bbox 1671 2378 1850 2429; x_wconf 88' lang='lat' dir='ltr'><strong>Lanark,</strong></span> 
     </span>
    </p>
   </div>
   <div class='ocr_carea' id='block_1_3' title="bbox 398 2493 1847 2774">
    <p class='ocr_par' dir='ltr' id='par_1_3' title="bbox 414 2493 1737 2543">
     <span class='ocr_line' id='line_1_37' title="bbox 414 2493 1737 2543; baseline -0.005 -12"><span class='ocrx_word' id='word_1_296' title='bbox 414 2497 428 2521; x_wconf 86' lang='lat'>¹</span> <span class='ocrx_word' id='word_1_297' title='bbox 445 2499 483 2532; x_wconf 90' lang='lat' dir='ltr'><strong>B.</strong></span> <span class='ocrx_word' id='word_1_298' title='bbox 502 2499 540 2533; x_wconf 87' lang='lat' dir='ltr'><strong>C.</strong></span> <span class='ocrx_word' id='word_1_299' title='bbox 560 2499 603 2532; x_wconf 92' lang='lat' dir='ltr'><strong>D.</strong></span> <span class='ocrx_word' id='word_1_300' title='bbox 622 2499 661 2533; x_wconf 80' lang='lat' dir='ltr'><strong>E.</strong></span> <span class='ocrx_word' id='word_1_301' title='bbox 680 2510 760 2543; x_wconf 87' lang='lat' dir='ltr'><strong>quo.</strong></span> <span class='ocrx_word' id='word_1_302' title='bbox 902 2497 917 2520; x_wconf 84' lang='lat'>²</span> <span class='ocrx_word' id='word_1_303' title='bbox 933 2499 971 2532; x_wconf 90' lang='lat' dir='ltr'><strong>B.</strong></span> <span class='ocrx_word' id='word_1_304' title='bbox 990 2498 1027 2532; x_wconf 87' lang='lat' dir='ltr'><strong>C.</strong></span> <span class='ocrx_word' id='word_1_305' title='bbox 1046 2498 1085 2531; x_wconf 89' lang='lat' dir='ltr'><strong>E.</strong></span> <span class='ocrx_word' id='word_1_306' title='bbox 1103 2499 1186 2531; x_wconf 74' lang='lat' dir='ltr'><strong>omit</strong></span> <span class='ocrx_word' id='word_1_307' title='bbox 1202 2497 1266 2531; x_wconf 84' lang='lat' dir='ltr'><strong>viz.</strong></span> <span class='ocrx_word' id='word_1_308' title='bbox 1430 2494 1446 2517; x_wconf 83' lang='lat'><strong>³</strong></span> <span class='ocrx_word' id='word_1_309' title='bbox 1461 2495 1499 2528; x_wconf 93' lang='lat' dir='ltr'><strong>B.</strong></span> <span class='ocrx_word' id='word_1_310' title='bbox 1518 2493 1737 2528; x_wconf 81' lang='lat' dir='ltr'><strong>Matthaeum.</strong></span> 
     </span>
    </p>

    <p class='ocr_par' dir='ltr' id='par_1_4' title="bbox 413 2539 1775 2588">
     <span class='ocr_line' id='line_1_38' title="bbox 413 2539 1775 2588; baseline -0.006 -9"><span class='ocrx_word' id='word_1_311' title='bbox 413 2543 429 2567; x_wconf 79' lang='lat'><strong>⁴</strong></span> <span class='ocrx_word' id='word_1_312' title='bbox 444 2545 483 2579; x_wconf 89' lang='lat' dir='ltr'><strong>B.</strong></span> <span class='ocrx_word' id='word_1_313' title='bbox 502 2545 591 2579; x_wconf 74' lang='lat' dir='ltr'><strong>adda</strong></span> <span class='ocrx_word' id='word_1_314' title='bbox 607 2557 656 2579; x_wconf 82' lang='lat' dir='ltr'><strong>ac.</strong></span> <span class='ocrx_word' id='word_1_315' title='bbox 900 2545 916 2567; x_wconf 81' lang='lat'><strong>⁶</strong></span> <span class='ocrx_word' id='word_1_316' title='bbox 932 2546 971 2581; x_wconf 83' lang='lat' dir='ltr'><strong>O.</strong></span> <span class='ocrx_word' id='word_1_317' title='bbox 990 2545 1031 2579; x_wconf 81' lang='lat' dir='ltr'><strong>E.</strong></span> <span class='ocrx_word' id='word_1_318' title='bbox 1050 2545 1281 2588; x_wconf 85' lang='lat' dir='ltr'><strong>Ingeramum.</strong></span> <span class='ocrx_word' id='word_1_319' title='bbox 1432 2540 1447 2563; x_wconf 76' lang='grc' dir='ltr'><strong>θ</strong></span> <span class='ocrx_word' id='word_1_320' title='bbox 1463 2542 1501 2575; x_wconf 91' lang='grc' dir='ltr'><strong>Β.</strong></span> <span class='ocrx_word' id='word_1_321' title='bbox 1519 2539 1775 2584; x_wconf 84' lang='lat' dir='ltr'><strong>procuratoriis.</strong></span> 
     </span>
    </p>

    <p class='ocr_par' dir='ltr' id='par_1_5' title="bbox 412 2585 1822 2672">
     <span class='ocr_line' id='line_1_39' title="bbox 412 2585 1822 2635; baseline -0.004 -10"><span class='ocrx_word' id='word_1_322' title='bbox 412 2590 428 2615; x_wconf 81' lang='grc'><strong>7</strong></span> <span class='ocrx_word' id='word_1_323' title='bbox 445 2592 536 2625; x_wconf 85' lang='lat' dir='ltr'><strong>votis</strong></span> <span class='ocrx_word' id='word_1_324' title='bbox 552 2593 630 2624; x_wconf 77' lang='lat' dir='ltr'><strong>with</strong></span> <span class='ocrx_word' id='word_1_325' title='bbox 645 2592 689 2625; x_wconf 88' lang='lat' dir='ltr'><strong>de</strong></span> <span class='ocrx_word' id='word_1_326' title='bbox 699 2592 853 2635; x_wconf 60' lang='lat' dir='ltr'><strong>prefixed</strong></span> <span class='ocrx_word' id='word_1_327' title='bbox 869 2592 964 2625; x_wconf 80' lang='lat' dir='ltr'><strong>later.</strong></span> <span class='ocrx_word' id='word_1_328' title='bbox 1013 2592 1051 2626; x_wconf 80' lang='lat' dir='ltr'><strong>G.</strong></span> <span class='ocrx_word' id='word_1_329' title='bbox 1071 2591 1113 2624; x_wconf 89' lang='lat' dir='ltr'><strong>D.</strong></span> <span class='ocrx_word' id='word_1_330' title='bbox 1133 2592 1171 2624; x_wconf 87' lang='lat' dir='ltr'><strong>E.</strong></span> <span class='ocrx_word' id='word_1_331' title='bbox 1192 2590 1293 2623; x_wconf 79' lang='lat' dir='ltr'><strong>votis,</strong></span> <span class='ocrx_word' id='word_1_332' title='bbox 1431 2586 1446 2610; x_wconf 77' lang='lat'>⁸</span> <span class='ocrx_word' id='word_1_333' title='bbox 1463 2588 1499 2621; x_wconf 87' lang='lat' dir='ltr'><strong>C.</strong></span> <span class='ocrx_word' id='word_1_334' title='bbox 1518 2588 1558 2620; x_wconf 87' lang='lat' dir='ltr'><strong>E.</strong></span> <span class='ocrx_word' id='word_1_335' title='bbox 1577 2585 1822 2620; x_wconf 84' lang='lat' dir='ltr'><strong>laudabilibus.</strong></span> 
     </span>
     <span class='ocr_line' id='line_1_40' title="bbox 413 2634 1754 2672; baseline -0.005 0"><span class='ocrx_word' id='word_1_336' title='bbox 413 2637 429 2661; x_wconf 80' lang='lat'>⁹</span> <span class='ocrx_word' id='word_1_337' title='bbox 445 2639 482 2672; x_wconf 86' lang='lat' dir='ltr'><strong>G.</strong></span> <span class='ocrx_word' id='word_1_338' title='bbox 500 2638 662 2672; x_wconf 83' lang='lat' dir='ltr'><strong>affinitas.</strong></span> <span class='ocrx_word' id='word_1_339' title='bbox 1078 2635 1107 2659; x_wconf 80' lang='lat'><strong>¹⁰</strong></span> <span class='ocrx_word' id='word_1_340' title='bbox 1123 2637 1163 2670; x_wconf 90' lang='grc' dir='ltr'><strong>Β.</strong></span> <span class='ocrx_word' id='word_1_341' title='bbox 1181 2638 1393 2669; x_wconf 82' lang='lat' dir='ltr'><strong>contractus.</strong></span> <span class='ocrx_word' id='word_1_342' title='bbox 1441 2634 1478 2668; x_wconf 89' lang='lat' dir='ltr'><strong>C.</strong></span> <span class='ocrx_word' id='word_1_343' title='bbox 1497 2635 1537 2667; x_wconf 84' lang='grc' dir='ltr'><strong>Ε.</strong></span> <span class='ocrx_word' id='word_1_344' title='bbox 1556 2635 1754 2667; x_wconf 86' lang='lat' dir='ltr'><strong>concentus.</strong></span> 
     </span>
    </p>

    <p class='ocr_par' dir='ltr' id='par_1_6' title="bbox 398 2681 1538 2728">
     <span class='ocr_line' id='line_1_41' title="bbox 398 2681 1538 2728; baseline -0.003 -9"><span class='ocrx_word' id='word_1_345' title='bbox 398 2685 427 2708; x_wconf 79' lang='lat'><strong>¹¹</strong></span> <span class='ocrx_word' id='word_1_346' title='bbox 444 2686 481 2719; x_wconf 77' lang='lat' dir='ltr'><strong>G.</strong></span> <span class='ocrx_word' id='word_1_347' title='bbox 500 2686 539 2718; x_wconf 83' lang='lat' dir='ltr'><strong>E.</strong></span> <span class='ocrx_word' id='word_1_348' title='bbox 559 2686 683 2728; x_wconf 74' lang='lat' dir='ltr'><strong>vigeat.</strong></span> <span class='ocrx_word' id='word_1_349' title='bbox 733 2685 776 2717; x_wconf 91' lang='lat' dir='ltr'><strong>D.</strong></span> <span class='ocrx_word' id='word_1_350' title='bbox 795 2684 914 2728; x_wconf 81' lang='lat' dir='ltr'><strong>vigiat.</strong></span> <span class='ocrx_word' id='word_1_351' title='bbox 1081 2681 1111 2705; x_wconf 82' lang='lat'><strong>¹²</strong></span> <span class='ocrx_word' id='word_1_352' title='bbox 1126 2683 1264 2716; x_wconf 75' lang='lat' dir='ltr'><strong>Altered</strong></span> <span class='ocrx_word' id='word_1_353' title='bbox 1270 2683 1370 2724; x_wconf 85' lang='lat' dir='ltr'><strong>from</strong></span> <span class='ocrx_word' id='word_1_354' title='bbox 1385 2691 1538 2716; x_wconf 84' lang='lat' dir='ltr'><strong>ascensu.</strong></span> 
     </span>
    </p>

    <p class='ocr_par' dir='ltr' id='par_1_7' title="bbox 399 2725 1847 2774">
     <span class='ocr_line' id='line_1_42' title="bbox 399 2725 1847 2774; baseline -0.003 -9"><span class='ocrx_word' id='word_1_355' title='bbox 399 2731 428 2754; x_wconf 86' lang='lat'><strong>¹³</strong></span> <span class='ocrx_word' id='word_1_356' title='bbox 446 2732 584 2765; x_wconf 81' lang='lat' dir='ltr'><strong>Altered</strong></span> <span class='ocrx_word' id='word_1_357' title='bbox 591 2733 690 2773; x_wconf 85' lang='lat' dir='ltr'><strong>from</strong></span> <span class='ocrx_word' id='word_1_358' title='bbox 704 2731 809 2774; x_wconf 84' lang='lat' dir='ltr'><strong>regio.</strong></span> <span class='ocrx_word' id='word_1_359' title='bbox 1079 2728 1109 2751; x_wconf 80' lang='lat'><strong>¹⁴</strong></span> <span class='ocrx_word' id='word_1_360' title='bbox 1125 2730 1162 2763; x_wconf 87' lang='lat' dir='ltr'><strong>C.</strong></span> <span class='ocrx_word' id='word_1_361' title='bbox 1181 2729 1223 2763; x_wconf 88' lang='lat' dir='ltr'><strong>D.</strong></span> <span class='ocrx_word' id='word_1_362' title='bbox 1241 2728 1502 2762; x_wconf 85' lang='lat' dir='ltr'><strong>contrahentur.</strong></span> <span class='ocrx_word' id='word_1_363' title='bbox 1550 2726 1591 2760; x_wconf 88' lang='grc' dir='ltr'><strong>Ε.</strong></span> <span class='ocrx_word' id='word_1_364' title='bbox 1609 2725 1847 2760; x_wconf 79' lang='lat' dir='ltr'><strong>contrahetur.</strong></span> 
     </span>
    </p>
   </div>
   <div class='ocr_carea' id='block_1_4' title="bbox 398 2777 1799 2915">
    <p class='ocr_par' dir='ltr' id='par_1_8' title="bbox 398 2777 1799 2915">
     <span class='ocr_line' id='line_1_43' title="bbox 398 2777 881 2812; baseline -0.006 1"><span class='ocrx_word' id='word_1_365' title='bbox 398 2778 428 2802; x_wconf 84' lang='lat'><strong>¹⁵</strong></span> <span class='ocrx_word' id='word_1_366' title='bbox 444 2779 482 2812; x_wconf 88' lang='lat' dir='ltr'><strong>B.</strong></span> <span class='ocrx_word' id='word_1_367' title='bbox 502 2779 539 2812; x_wconf 87' lang='lat' dir='ltr'><strong>C.</strong></span> <span class='ocrx_word' id='word_1_368' title='bbox 558 2778 597 2812; x_wconf 89' lang='lat' dir='ltr'><strong>E.</strong></span> <span class='ocrx_word' id='word_1_369' title='bbox 616 2777 881 2811; x_wconf 80' lang='lat' dir='ltr'><strong>Turonensium.</strong></span> 
     </span>
     <span class='ocr_line' id='line_1_44' title="bbox 399 2820 1427 2868; baseline -0.004 -9"><span class='ocrx_word' id='word_1_370' title='bbox 399 2825 428 2849; x_wconf 82' lang='lat'><strong>¹⁶</strong></span> <span class='ocrx_word' id='word_1_371' title='bbox 444 2827 482 2859; x_wconf 92' lang='lat' dir='ltr'><strong>B.</strong></span> <span class='ocrx_word' id='word_1_372' title='bbox 501 2825 677 2868; x_wconf 83' lang='lat' dir='ltr'><strong>praefatus.</strong></span> <span class='ocrx_word' id='word_1_373' title='bbox 728 2825 770 2858; x_wconf 93' lang='lat' dir='ltr'><strong>D.</strong></span> <span class='ocrx_word' id='word_1_374' title='bbox 787 2824 941 2867; x_wconf 70' lang='lat' dir='ltr'><strong>praefatae</strong></span> <span class='ocrx_word' id='word_1_375' title='bbox 957 2823 1086 2857; x_wconf 67' lang='lat' dir='ltr'><strong>altered</strong></span> <span class='ocrx_word' id='word_1_376' title='bbox 1103 2823 1188 2856; x_wconf 79' lang='lat' dir='ltr'><strong>later</strong></span> <span class='ocrx_word' id='word_1_377' title='bbox 1203 2826 1236 2856; x_wconf 79' lang='lat' dir='ltr'><strong>to</strong></span> <span class='ocrx_word' id='word_1_378' title='bbox 1251 2820 1427 2866; x_wconf 80' lang='lat' dir='ltr'><strong>praefatus.</strong></span> 
     </span>
     <span class='ocr_line' id='line_1_45' title="bbox 399 2865 1799 2915; baseline -0.005 -8"><span class='ocrx_word' id='word_1_379' title='bbox 399 2872 428 2895; x_wconf 79' lang='lat'><strong>¹⁷</strong></span> <span class='ocrx_word' id='word_1_380' title='bbox 445 2874 483 2906; x_wconf 92' lang='lat' dir='ltr'><strong>B.</strong></span> <span class='ocrx_word' id='word_1_381' title='bbox 503 2873 539 2906; x_wconf 84' lang='lat' dir='ltr'><strong>G.</strong></span> <span class='ocrx_word' id='word_1_382' title='bbox 558 2873 600 2905; x_wconf 90' lang='lat' dir='ltr'><strong>D.</strong></span> <span class='ocrx_word' id='word_1_383' title='bbox 619 2872 659 2905; x_wconf 83' lang='lat' dir='ltr'><strong>E.</strong></span> <span class='ocrx_word' id='word_1_384' title='bbox 678 2870 896 2915; x_wconf 81' lang='lat' dir='ltr'><strong>quingentas.</strong></span> <span class='ocrx_word' id='word_1_385' title='bbox 1371 2867 1400 2889; x_wconf 75' lang='lat'><strong>¹⁸</strong></span> <span class='ocrx_word' id='word_1_386' title='bbox 1416 2868 1455 2901; x_wconf 92' lang='grc' dir='ltr'><strong>Β.</strong></span> <span class='ocrx_word' id='word_1_387' title='bbox 1474 2867 1510 2902; x_wconf 84' lang='lat' dir='ltr'><strong>C.</strong></span> <span class='ocrx_word' id='word_1_388' title='bbox 1529 2867 1568 2901; x_wconf 85' lang='lat' dir='ltr'><strong>E.</strong></span> <span class='ocrx_word' id='word_1_389' title='bbox 1587 2865 1799 2900; x_wconf 86' lang='lat' dir='ltr'><strong>dotalicium.</strong></span> 
     </span>
    </p>
   </div>
   <div class='ocr_carea' id='block_1_5' title="bbox 399 2918 1808 3008">
    <p class='ocr_par' dir='ltr' id='par_1_9' title="bbox 399 2918 1808 3008">
     <span class='ocr_line' id='line_1_46' title="bbox 399 2918 430 2941; baseline 0 0"><span class='ocrx_word' id='word_1_390' title='bbox 399 2918 430 2941; x_wconf 72' lang='grc' dir='ltr'><strong>ιο</strong></span> 
     </span>
     <span class='ocr_line' id='line_1_47' title="bbox 399 2920 1808 3008; baseline -0.006 -8"><span class='ocrx_word' id='word_1_391' title='bbox 399 2965 428 2988; x_wconf 76' lang='lat'><strong>2⁰</strong></span> <span class='ocrx_word' id='word_1_392' title='bbox 443 2920 485 3001; x_wconf 64' lang='lat' dir='ltr'><strong>g.</strong></span> <span class='ocrx_word' id='word_1_393' title='bbox 501 2930 643 2999; x_wconf 46' lang='lat'><strong>3232&amp;</strong></span> <span class='ocrx_word' id='word_1_394' title='bbox 659 2964 743 2998; x_wconf 75' lang='lat' dir='ltr'><strong>later</strong></span> <span class='ocrx_word' id='word_1_395' title='bbox 749 2964 850 3007; x_wconf 87' lang='lat' dir='ltr'><strong>from</strong></span> <span class='ocrx_word' id='word_1_396' title='bbox 865 2965 1038 3008; x_wconf 78' lang='lat' dir='ltr'><strong>spectans.</strong></span> <span class='ocrx_word' id='word_1_397' title='bbox 1366 2959 1394 2983; x_wconf 80' lang='lat'><strong>²¹</strong></span> <span class='ocrx_word' id='word_1_398' title='bbox 1412 2960 1450 2995; x_wconf 84' lang='lat' dir='ltr'><strong>C.</strong></span> <span class='ocrx_word' id='word_1_399' title='bbox 1469 2961 1512 2995; x_wconf 90' lang='lat' dir='ltr'><strong>D.</strong></span> <span class='ocrx_word' id='word_1_400' title='bbox 1531 2960 1569 2995; x_wconf 85' lang='lat' dir='ltr'><strong>E.</strong></span> <span class='ocrx_word' id='word_1_401' title='bbox 1589 2959 1808 2993; x_wconf 87' lang='lat' dir='ltr'><strong>Holincourt.</strong></span> 
     </span>
    </p>
   </div>
  </div>
 </body>
</html>
