2008 3360
366 321 446 359 164
860 330 987 361 mmm
1008 329 1365 361 PLUSGARDENSIS.

363 432 510 476 cadere
547 437 748 489 poterunt
786 434 833 475 in
873 432 1074 475 stantem¹
1103 434 1255 483 virum,
1289 436 1340 475 ut
1373 432 1562 484 allicita‚²
1594 448 1864 489 nequaquam

365 490 536 591 (10ἒοτῖ
556 492 608 534 (10
634 493 730 547 jure
754 491 993 541 subsistere,
1013 495 1089 533 aut
1116 491 1164 533 in
1193 490 1402 547 ejusdem*
1430 491 1549 546 regni
1576 492 1869 548 praeiudicium

363 561 409 590 re
439 563 499 591 un
531 563 609 592 are.

509 695 724 752 &equitur
743 697 794 741 ab
817 698 895 742 hur
909 698 957 742 ᾖε
976 697 1124 748 nobem,
1145 699 1186 742 et
1206 697 1574 743 innitentia—ot.
1596 698 1725 742 xxxii.

368 789 766 861 &AETHQRUM
786 806 1030 849 nullatenus
1050 806 1172 848 nobis
1188 806 1307 848 venit
1326 806 1372 847 in
1393 806 1582 856 dubium,
1598 805 1704 860 quin
1722 805 1868 860 pocius

363 863 467 905 certi
488 877 648 914 sumus,
663 864 788 919 quod,
806 878 904 906 cum
919 864 1160 920 apostolicae
1175 864 1285 906 sedis
1302 864 1545 919 praecellens
1566 863 1780 914 autoritas,
1795 877 1870 918 per

364 934 462 963 suas
481 921 638 972 literas,
658 921 705 963 in
725 922 894 977 Angliae
914 927 956 964 et
978 922 1134 964 Scociae
1162 922 1302 977 regnis
1333 921 1462 963 simul
1492 921 1620 964 alicui
1639 921 1870 963 committit

363 978 592 1034 legacionis
624 979 810 1021 officium
841 980 1148 1035 exequendum,
1179 980 1260 1029 vel,
1289 993 1364 1035 pro
1400 980 1550 1034 quavis
1585 992 1711 1021 causa
1741 992 1871 1034 quam

362 1036 663 1079 racionabilem
701 1040 883 1092 reputat,
923 1038 1096 1080 decimae
1136 1037 1395 1079 solucionem
1429 1037 1591 1087 indicit,
1624 1036 1871 1092 hujusmodi

363 1094 604 1149 apostolicae
633 1095 768 1137 literae
797 1095 851 1137 ad
875 1095 1097 1150 praefatum
1129 1095 1284 1137 Scociae
1314 1109 1491 1149 regnum
1522 1108 1567 1137 se
1601 1095 1870 1149 aliquatenus

362 1166 450 1194 non
465 1152 669 1202 extendit,
684 1153 858 1208 speciali
873 1153 1085 1209 praedictae
1104 1153 1215 1195 sedis
1230 1153 1472 1207 apostolicae
1484 1152 1711 1208 previlegio
1732 1152 1869 1194 Scotis

363 1210 532 1251 indulto
570 1211 741 1265 penitus
781 1211 1036 1253 obsistente:
1076 1210 1219 1265 prout⁵
1257 1215 1444 1265 tempore
1483 1210 1618 1252 felicis
1657 1210 1869 1252 memoriae

364 1267 541 1309 Adriani
570 1281 701 1323 papae,
715 1268 1028 1322 praedecessoris
1049 1268 1194 1318 nostri,
1213 1271 1318 1310 tunc
1338 1268 1483 1310 Sancti
1503 1267 1683 1309 Adriani
1702 1267 1869 1309 diaconi

362 1324 600 1375 cardinalis,
620 1330 664 1368 et
683 1339 759 1380 per
777 1326 912 1381 ipsius
936 1326 1079 1368 literas
1109 1325 1239 1367 simul
1259 1326 1306 1367 in
1325 1325 1464 1380 regnis
1486 1325 1589 1380 ipsis
1609 1325 1750 1380 legati,
1770 1339 1868 1367 cum

362 1396 447 1437 quo
467 1382 733 1425 familiariter
752 1387 856 1425 tunc
885 1397 1063 1433 eramus,
1084 1383 1262 1438 contigit
1286 1383 1512 1425 evidenter.
1571 1383 1685 1424 Nam
1704 1383 1869 1438 legatus

361 1440 453 1495 ipse
488 1440 542 1482 ad
576 1441 802 1495 praefatum
836 1455 1013 1496 regnum
1049 1441 1206 1483 Scociae
1241 1440 1509 1495 aliquatenus
1537 1441 1747 1482 admissus
1782 1454 1869 1482 non

362 1498 520 1548 extitit,
550 1498 694 1549 donec,
722 1513 798 1554 per
825 1499 970 1541 literas
1000 1499 1252 1553 apostolicas
1284 1498 1499 1553 speciales,
1531 1498 1613 1539 sibi
1641 1497 1869 1553 legacionis

361 1555 549 1598 officium
578 1556 850 1598 commissum
870 1556 1008 1598 fuerat
1027 1557 1074 1598 in
1093 1556 1250 1599 eodem.
1310 1556 1517 1598 Praeterea
1545 1569 1713 1597 noscere
1732 1558 1874 1611 potest

363 1613 478 1668 regia
503 1613 711 1656 celsitudo
732 1614 915 1669 qualiter
943 1627 1018 1669 per
1047 1613 1161 1656 beati
1189 1613 1373 1655 Andreae
1402 1613 1582 1668 apostoli
1610 1613 1870 1655 venerandas

361 1671 576 1726 reliquias,
611 1685 698 1713 non
732 1672 823 1714 sine
858 1685 1051 1727 supernae
1080 1671 1331 1713 muniminis
1360 1671 1510 1726 grandi
1544 1671 1666 1721 dono,
1694 1684 1870 1726 regnum

364 1729 521 1770 Scociae
560 1729 820 1784 acquisitum
859 1733 902 1771 et
941 1743 1191 1771 conversum
1231 1729 1376 1771 extitit
1414 1729 1467 1771 ad
1507 1728 1606 1771 fidei
1641 1728 1871 1771 Catholicae

363 1786 600 1829 veritatem.
664 1787 858 1838 Qualiter
887 1788 1033 1838 eciam,
1068 1786 1257 1842 antiquis
1291 1786 1564 1842 temporibus,
1593 1786 1869 1829 Eboracensis

365 1844 707 1900 archiepiscopus
727 1845 803 1900 qui
832 1849 936 1887 tunc
966 1849 1066 1895 erat,
1086 1848 1202 1887 mota
1230 1858 1305 1900 per
1324 1858 1422 1886 eum
1451 1857 1577 1899 super
1600 1844 1696 1899 jure
1715 1847 1869 1886 metro-

363 1902 555 1957 politano
586 1902 786 1945 adversus
815 1903 1010 1958 praelatos
1045 1901 1202 1945 Scociae
1240 1901 1484 1957 quaestione,
1512 1902 1559 1943 in
1593 1915 1678 1956 qua
1707 1901 1871 1943 dictum

365 1960 604 2015 antiquitus
639 1960 770 2002 fuisse
809 1963 1119 2011 commemorat,
1149 1959 1199 2002 s.⁶
1235 1960 1436 2001 Memento
1475 1959 1582 2014 quod
1616 1960 1682 2001 tui
1718 1973 1870 2009 sumus,

365 2021 610 2073 etc,‚—quae
625 2017 786 2060 ibidem
804 2023 902 2074 post
913 2017 992 2060 hoc
1012 2020 1218 2073 sequntur
1237 2017 1412 2059 silencio
1431 2016 1870 2072 relinquimus‚—per⁷

367 2089 412 2118 se
432 2079 577 2118 tamen
595 2076 859 2118 sentenciam
879 2075 1071 2130 optinere
1085 2075 1349 2130 nequiverat:
1371 2075 1567 2129 quamvis
1587 2074 1670 2117 alia
1688 2074 1812 2130 plura
1827 2078 1871 2117 et

365 2134 494 2184 varia,
514 2147 610 2188 quae
639 2133 687 2175 in
715 2133 794 2176 hac
823 2138 942 2189 parte
971 2132 1281 2175 racionabiliter
1309 2132 1581 2187 proponenda
1609 2146 1654 2175 se
1677 2132 1871 2181 offerunt,

367 2204 421 2232 ex
450 2191 607 2246 quibus
637 2191 771 2233 eciam
799 2191 882 2234 tibi
910 2190 1130 2233 scribenda
1162 2203 1395 2241 movemur,
1423 2194 1644 2245 praetereat
1673 2190 1871 2240 calamus

368 2262 422 2290 ne
452 2249 629 2291 forsitan
658 2249 759 2291 inde
788 2249 983 2292 sensibus
1013 2247 1150 2304 regiis,
1178 2247 1414 2303 plurimum
1443 2248 1669 2303 occupatis,
1694 2247 1871 2289 taedium

368 2311 602 2360 generetur.
663 2307 869 2358 Profecto,
898 2306 961 2348 fili
989 2306 1221 2356 karissime,
1250 2306 1361 2348 infra
1390 2305 1573 2348 claustra
1600 2304 1780 2360 pectoris
1803 2304 1870 2345 tui

370 2363 534 2406 solicite
569 2365 830 2407 considerare
864 2368 907 2407 te
939 2364 1149 2415 convenit,
1184 2367 1228 2406 et
1261 2363 1486 2419 diligenter
1519 2362 1743 2405 attendere.
1802 2361 1871 2403 Ex

370 2420 526 2475 quibus
546 2422 655 2463 nulli
677 2422 758 2478 [in]
783 2422 962 2464 dubium
980 2422 1128 2464 veniat
1146 2435 1324 2477 regnum
1354 2421 1510 2463 Scociae
1530 2419 1796 2475 praelibatum
1817 2418 1871 2460 ad

369 2478 589 2532 praefatam
619 2480 839 2521 ecclesiam
860 2481 1096 2521 Romanam
1115 2478 1241 2534 pleno
1258 2479 1353 2534 jure
1372 2478 1581 2533 pertinere
1598 2492 1607 2518 :
1636 2476 1750 2531 quod
1768 2476 1872 2518 non8

369 2535 481 2587 licet,
502 2549 581 2577 nec
601 2550 793 2591 unquam
821 2537 955 2587 licuit,
974 2538 1022 2578 in
1050 2537 1185 2591 ipsius
1215 2536 1400 2579 ecclesiae
1429 2535 1495 2577 ac⁹
1513 2534 1746 2576 multorum
1764 2547 1870 2588 prae-

364 2592 588 2647 judicium,
618 2607 694 2648 per
722 2594 975 2637 violenciam
1009 2595 1242 2649 subjugare,
1272 2598 1441 2647 tuaeque
1475 2591 1662 2633 subicere
1701 2591 1869 2634 dicioni.

370 2650 480 2693 Cum
509 2654 664 2701 autem,
694 2654 738 2692 et
766 2652 877 2693 sicut
906 2651 1036 2693 habet
1066 2651 1148 2693 fide
1179 2651 1307 2706 digna
1336 2655 1379 2692 et
1398 2649 1552 2691 nostris
1577 2649 1668 2703 jam
1696 2649 1870 2691 auribus

371 2708 531 2763 pluries
561 2708 804 2750 incultata¹⁰
829 2708 993 2758 relacio,
1023 2722 1048 2749 a
1077 2708 1282 2762 famaeque
1311 2706 1601 2762 praecurrentis
1631 2720 1656 2748 a
1675 2705 1871 2748 faeibus¹²

431 2831 443 2853 1
460 2832 499 2865 Β.
519 2832 557 2866 C.
574 2832 613 2866 E.
633 2834 860 2866 constantem.
1143 2830 1157 2853 ²
1174 2832 1212 2866 B.
1232 2832 1269 2865 O.
1289 2832 1332 2865 D.
1351 2832 1390 2865 E.
1409 2831 1541 2866 illicita.

431 2877 446 2900 ³
460 2880 500 2914 B.
518 2879 672 2912 deberet.
722 2879 758 2913 O.
778 2880 818 2913 E.
836 2878 977 2912 debent.
1142 2876 1156 2900 4
1172 2878 1209 2912 0.
1228 2878 1266 2912 E.
1286 2878 1479 2920 cujusdam.
1648 2877 1663 2899 ⁶
1681 2878 1716 2912 O.
1732 2878 1771 2912 E.
1793 2890 1866 2922 pro.

431 2925 446 2947 ⁶
461 2926 498 2960 O.
518 2926 558 2959 E.
577 2928 657 2959 omit
674 2937 699 2960 s.
857 2924 871 2947 ⁷
888 2926 925 2959 O.
944 2926 981 2959 Ε.
1001 2935 1073 2968 pm.
1324 2923 1338 2946 ⁸
1355 2925 1391 2958 O.
1410 2926 1449 2959 E.
1469 2936 1541 2958 nec.

429 2972 444 2995 ⁹
461 2973 499 3006 B.
518 2975 589 3008 aut.
842 2971 872 2995 1⁰
888 2973 933 3007 Β.Ἰ
945 2972 1126 3006 inculcata.
1313 2971 1340 2993 11
1359 2972 1394 3006 C.
1414 2972 1452 3005 E.
1472 2972 1638 3006 affatibus
1654 2972 1725 3006 and
1740 2974 1820 3006 omit
1836 2982 1865 3005 a.
