2014 3354
649 314 871 346 APPENDIX
891 314 944 346 'ro
965 313 1166 346 PRErAcn.
1591 302 1668 345 xlv

151 423 357 479 Sequitur
378 422 430 465 (16
451 421 591 464 causis
610 421 767 477 quibus
782 420 1030 464 Willelmus
1051 418 1231 462 Bastard
1250 418 1372 461 venit
1390 419 1438 461 in
1452 417 1667 474 Angliam.

1235 484 1494 540 &amulum
1512 483 1588 527 xii.

153 572 359 628 Sequitur
379 572 433 615 (16
453 571 624 614 miseria
643 571 735 614 vita
754 585 841 627 qua
854 570 1060 614 vivebant
1078 569 1212 627 Angli
1231 569 1345 612 mala
1364 572 1409 612 et
1427 567 1669 624 proditoria.

1235 633 1491 690 Qtapitnlum
1509 633 1603 677 xiii„

152 722 356 778 Sequitur
388 721 441 764 (16
460 720 586 764 felice
615 719 907 776 applicacione
926 718 1085 775 Edgari
1112 717 1304 774 Ethelyn
1324 722 1368 761 et
1397 732 1486 761 suae
1517 717 1670 760 sororis

268 789 522 844 Margaretae
542 788 590 830 in
609 800 737 842 regno
759 785 928 829 Scociae.
1239 783 1494 840 Qtapitnlnm
1513 782 1626 828 xiiii.

154 881 356 936 Sequitur
371 880 424 923 de
440 879 636 935 conjugio
652 877 877 920 Malcolmi
891 877 1002 934 regis
1017 891 1115 920 cum
1131 878 1257 921 beata
1271 878 1513 933 Margareta
1527 877 1671 934 regina

270 947 439 990 Scociae.
1240 942 1497 999 &vitulum
1516 950 1580 988 κὴ.

152 1029 355 1086 Sequitur
374 1029 427 1072 (16
446 1027 659 1071 filiacione
680 1027 906 1070 Malcolmi
926 1029 970 1070 et
990 1030 1152 1070 sanctae
1172 1027 1437 1083 Margaretae.

1239 1092 1495 1148 OEapitulum
1514 1092 1597 1137 xhi.

153 1178 356 1235 Sequitur
389 1177 574 1233 qualiter
608 1177 653 1220 N
653 1177 1001 1220 orthumbrenses
1031 1175 1144 1219 datis
1179 1176 1399 1219 obsidibus
1434 1177 1523 1233 regi
1557 1177 1671 1220 Mal-

269 1245 406 1288 colmo
427 1244 710 1287 adhaeserunt.
1239 1241 1494 1297 OEapitulum
1514 1242 1614 1287 xnii.

328 1329 402 1362 Pro
417 1328 599 1363 Christina
610 1339 707 1362 soror
719 1328 797 1371 ejus
812 1327 956 1369 (Bower,
967 1337 999 1370 p.
1012 1328 1093 1368 269,
1106 1326 1128 1361 l.
1145 1328 1216 1369 33),
1228 1326 1343 1360 Maria
1353 1326 1425 1360 filia
1438 1327 1526 1370 ejus,
1539 1327 1670 1370 lenitur.

154 1410 222 1452 De
241 1409 445 1452 virtuosis
466 1410 665 1465 operibus
684 1409 821 1451 beatae
841 1408 1094 1465 Margaretae
1114 1411 1158 1452 et
1177 1407 1411 1450 Malcolmi.

1239 1473 1497 1529 etapitulnm
1516 1473 1637 1519 xbiii.

155 1559 357 1616 Sequitur
377 1559 430 1602 de
450 1559 571 1602 obitu
591 1558 803 1602 Willelmi
823 1557 1015 1610 Bastard,
1036 1562 1079 1601 et
1105 1557 1290 1614 qualiter
1318 1558 1410 1601 sine
1430 1558 1676 1615 calumpnia

271 1626 537 1683 sepulturam
556 1626 688 1669 libere
708 1640 796 1668 non
815 1625 995 1678 habuit3
1025 1629 1069 1668 et
1089 1625 1142 1668 de
1162 1626 1256 1681 ejus
1275 1625 1576 1669 incidentibus.

1241 1691 1496 1747 Qtapitnlm
1515 1693 1599 1738 xix.

160 1785 364 1841 Sequitur
402 1784 455 1828 de
489 1784 746 1828 fundacione
785 1785 1093 1828 Dunelmensis
1133 1785 1382 1827 monasterii
1419 1799 1496 1841 per
1533 1800 1675 1842 regem

273 1851 566 1904 Malcolmum,
586 1866 685 1894 cum
705 1852 994 1895 insidentibus
1015 1851 1125 1895 aliis.
1245 1850 1501 1906 Glapitulnm
1520 1865 1584 1896 xx.

158 1944 360 2000 Sequitur
379 1943 432 1986 de
446 1947 581 1987 morte
603 1945 770 1987 Sanctae
787 1944 1039 2000 Margaretae
1059 1943 1226 2000 reginae,
1242 1947 1286 1986 et
1306 1943 1359 1986 de
1375 1941 1676 1987 incidentibus.

1242 2009 1499 2065 capitulum
1518 2010 1602 2055 xxi.

160 2102 363 2157 Sequitur
390 2102 443 2144 (16
473 2102 631 2158 Orgaro
651 2101 833 2158 Anglico
863 2100 1185 2157 calumpniante
1214 2101 1408 2157 Edgarus
1438 2101 1604 2158 Ethlyn
1625 2102 1678 2146 de

274 2168 518 2224 prodicione
539 2172 686 2211 contra
705 2182 848 2224 regem
867 2168 1149 2211 Willelmum.
1245 2166 1501 2222 OEapitulnm
1519 2168 1622 2214 xxii.

160 2260 364 2316 Sequitur
383 2259 438 2302 ad
457 2259 543 2302 huc
563 2259 616 2302 de
636 2259 788 2302 eodem
807 2259 960 2302 duello.
1244 2258 1501 2314 &vitulum
1520 2260 1643 2305 xxiii.

161 2352 364 2408 Sequitur
394 2350 447 2393 de
465 2351 678 2393 Duncano
706 2350 797 2392 filio
817 2349 1041 2393 Malcolmi
1065 2349 1198 2393 notho
1227 2363 1407 2405 regnum
1426 2364 1452 2393 a
1480 2350 1679 2395 Donaldo

276 2420 554 2473 recuperante
573 2416 796 2459 avunculo.
1244 2415 1499 2472 OEapihtlnm
1517 2417 1658 2463 xxiiii.

162 2509 366 2566 Sequitur
405 2509 459 2552 de
498 2508 670 2552 redditu
708 2508 895 2551 filiorum
934 2507 1158 2551 Malcolmi
1196 2508 1250 2552 de
1288 2508 1459 2565 Anglia,
1497 2514 1541 2553 et
1579 2510 1681 2568 fuga

278 2575 479 2619 Donaldi.
1246 2573 1504 2630 OEapitnlnm
1523 2582 1614 2622 xxh.

165 2666 372 2723 Sequitur
391 2666 443 2710 de
465 2666 734 2710 successione
754 2666 864 2723 regis
885 2665 1044 2722 Edgari
1063 2665 1143 2708 filii
1162 2665 1272 2722 regis
1291 2665 1524 2710 Malcolmi.

1247 2730 1505 2786 OEapitnlum
1523 2732 1633 2778 xxhi.

167 2824 371 2880 Sequitur
402 2823 455 2866 de
489 2823 685 2880 conjugio
716 2823 870 2866 sororis
900 2823 1006 2866 dicti
1034 2823 1145 2879 regis
1174 2823 1342 2879 Edgari,
1371 2824 1452 2867 viz.
1485 2824 1682 2869 Matildis

280 2890 403 2933 bonae
418 2889 576 2946 reginae
591 2890 760 2946 Angliae
777 2904 876 2932 cum
890 2889 1192 2933 incidentibus.
1252 2888 1509 2944 capitulum
1528 2891 1655 2935 xxxvii.

356 2974 439 3007 Post
457 2973 679 3007 Mauritaniae
697 2973 865 3016 (Fortium
882 2984 915 3017 p.
935 2974 1017 3013 226,
1038 2973 1060 3006 l.
1080 2974 1138 3015 36)
1156 2972 1289 3007 Gallice
1305 2973 1404 3006 Maul
1419 2973 1571 3008 additur.
