2008 3360
325 291 406 330 312
827 303 951 334 11111111
971 303 1328 335 PLUSGARDENSIS.

320 403 569 448 instruendo
605 406 760 449 docuit.
825 407 895 448 Ab
926 407 1002 449 illo
1032 408 1147 449 enim
1178 407 1247 449 die
1281 411 1418 463 ruptae
1449 412 1551 451 sunt
1583 413 1752 466 treugae,
1781 414 1826 452 et

320 474 374 504 ex
394 463 512 505 omni
530 468 651 519 parte
669 464 953 507 marchiarum
972 465 1083 507 fiunt
1101 465 1448 520 depraedaciones,
1461 466 1825 522 depopulaciones,

321 520 552 563 occisiones
584 522 808 564 cotidianae
842 526 887 564 et
925 522 1266 576 combustiones3
1305 523 1367 565 sic
1400 524 1515 579 quod
1554 538 1607 566 ex
1645 530 1824 580 utraque

319 581 440 632 parte
469 579 630 621 mutuis
659 579 871 634 gladibusl
891 580 983 622 sine
1002 580 1303 623 reformacione
1331 581 1627 624 miserabiliter
1644 583 1826 637 patriam

320 636 558 686 vastabant,
592 640 636 678 et
675 637 914 691 specialiter
952 638 1127 680 terram²
1165 638 1217 680 de
1252 639 1425 681 Gordon
1464 653 1517 681 ex
1552 639 1670 681 omni
1707 645 1826 695 parte

321 692 623 736 decertabant.³
695 695 809 736 Nam
840 695 932 750 ipse
965 695 1213 751 principalis
1247 700 1337 739 erat
1366 697 1480 752 apud
1509 697 1739 752 Roxburgb
1772 698 1826 740 ad

321 750 665 805 sanguinolentas
695 752 911 795 nundinas
937 753 1217 796 celebrandas.
1287 754 1350 795 At
1378 755 1470 809 ipse
1489 768 1543 796 ex
1563 755 1694 797 altera
1708 759 1826 809 parte

319 821 406 849 non
425 822 576 863 passus
607 813 672 852 est
700 810 954 865 impunitos⁴
973 811 1143 853 eosdem
1163 811 1367 867 Anglicos
1397 812 1477 854 sub
1498 812 1827 855 dissimilacione

319 866 603 920 pertransire:
649 868 901 923 quinymmo
941 868 1273 911 salutacionibus
1319 869 1612 912 consimilibus
1657 871 1826 912 eosdem

320 923 495 966 acriore⁵
514 925 735 968 invasione
754 926 959 977 visitavit,
981 940 1030 969 ac
1050 927 1249 969 universa
1267 928 1379 969 bona
1407 927 1518 969 infra
1536 927 1697 970 limites
1717 942 1827 970 mar-

318 981 512 1024 chiarum
542 983 815 1025 orientalium
846 984 997 1039 abegit.
1056 984 1192 1040 Super
1221 999 1350 1040 quem
1380 999 1432 1028 ex
1462 985 1692 1041 improviso
1720 1000 1827 1041 prae-

318 1040 512 1082 munitus
528 1040 612 1082 fuit
623 1041 800 1096 quidam
815 1042 950 1092 11111οε1,
965 1042 1137 1086 nomine
1156 1044 1186 1086 J
1189 1042 1378 1086 ohannes
1398 1043 1450 1085 de
1471 1043 1675 1085 Liburnia
1686 1059 1697 1096 3
1727 1057 1826 1086 cum

317 1096 461 1139 valida
490 1102 748 1141 armatorum
776 1100 974 1155 potencia
1012 1100 1058 1142 in
1088 1100 1160 1142 via
1194 1114 1340 1142 eorum
1375 1101 1544 1143 eosdem
1584 1101 1731 1143 Scotos
1770 1101 1825 1143 ad

316 1167 505 1210 pugnam
528 1157 774 1211 provocavit
790 1173 800 1209 ;
834 1161 888 1208 et,
907 1157 1009 1200 licet
1029 1171 1127 1200 cum
1146 1172 1300 1214 magna
1317 1158 1568 1200 difficultate
1598 1163 1639 1201 et
1669 1173 1823 1214 magna

315 1217 466 1269 strage,
487 1213 568 1256 iste
589 1214 787 1257 dominus
807 1214 860 1258 de
881 1215 1054 1258 Gordon
1073 1216 1297 1258 victoriam
1316 1216 1496 1271 adeptus
1527 1220 1602 1267 est,
1624 1220 1666 1258 et
1687 1217 1823 1271 spolia

315 1283 462 1312 eorum
491 1271 734 1323 dividendo,
754 1286 906 1328 magna
936 1277 1073 1328 strage
1099 1273 1222 1323 facta,
1242 1273 1297 1315 ad
1326 1274 1508 1328 patriam
1537 1287 1635 1316 cum
1664 1274 1823 1316 honore

316 1331 360 1369 et
372 1327 541 1371 diviciis
556 1329 705 1372 multis
721 1330 980 1384 repatriavit.
1030 1331 1366 1386 Verumptamen
1378 1331 1627 1374 vulneribus
1644 1331 1822 1374 diversis

317 1385 565 1429 vulneratus
586 1392 651 1430 est
666 1387 806 1429 dictus
827 1387 1025 1430 dominus
1046 1388 1098 1430 de
1119 1388 1356 1431 Gordoune.

334 1546 550 1603 §equitat
570 1549 618 1593 he
637 1549 719 1594 nili
738 1550 842 1605 fuga
863 1549 1048 1662 351111Ξὲ
1064 1551 1114 1626 bz-
1132 1551 1260 1607 35an
1281 1552 1454 1597 comitis
1473 1552 1801 1606 fflmthumhriae.

1050 1654 1057 1663 .
1081 1632 1129 1662 11.

317 1706 665 1773 {DOMINUS
687 1725 739 1768 de
769 1726 915 1782 Percy,
937 1727 1151 1770 Henricus
1172 1727 1388 1770 (101111111106
1406 1728 1451 1770 N
1452 1728 1736 1781 orthumbrioe,
1755 1729 1822 1771 in-

313 1783 501 1825 fortunia
530 1787 574 1826 et
601 1797 749 1839 graves
777 1785 1098 1840 persecuciones
1127 1785 1365 1842 Anglorum
1399 1800 1524 1842 grave
1554 1787 1705 1838 ferens,
1735 1788 1820 1830 col-

312 1840 434 1883 lectis
450 1841 613 1883 viribus
633 1842 688 1883 ad
702 1855 929 1885 numerum
943 1846 1108 1898 septem
1127 1842 1330 1885 millium⁷
1345 1848 1613 1895 armatorum,
1628 1845 1818 1887 Scociam

313 1898 501 1950 intravit,
521 1912 570 1941 ac
590 1899 834 1942 universam
862 1904 1018 1943 terram
1048 1901 1214 1943 comitis
1235 1901 1288 1943 de
1315 1901 1496 1943 Dunbar
1523 1902 1818 1956 perlustrando

312 1956 485 1999 flamma
504 1960 548 1999 et
566 1957 675 1999 ferro
695 1957 907 2010 vastavit;
938 1962 982 2000 et
1001 1958 1232 2014 procedens
1261 1959 1362 2001 inde
1381 1959 1518 2014 prima
1537 1963 1660 2002 nocte
1680 1973 1816 2015 usque

312 2014 368 2056 ad
396 2028 567 2070 parcam
591 2014 643 2057 de
672 2015 838 2065 Douns,
856 2015 1018 2058 ibidem
1046 2020 1368 2059 castrametatus
1397 2020 1472 2059 est.
1533 2017 1622 2059 Ubi
1641 2018 1817 2073 quidam

312 2072 446 2114 astuti
473 2072 668 2128 garciferi
687 2073 839 2115 varleti
859 2086 908 2115 ac
932 2073 1112 2128 juvenes
1132 2074 1293 2128 patriae,
1314 2087 1412 2116 cum
1441 2074 1696 2129 quibusdam
1726 2076 1816 2118 suis

312 2130 637 2182 adhaerentibus,
678 2130 789 2173 circa
826 2131 1013 2173 mediam
1054 2136 1235 2183 noctem,
1274 2145 1370 2174 cum
1411 2132 1596 2187 quodam
1635 2133 1818 2176 terribili

311 2188 455 2229 sonitu
495 2188 719 2244 cujusdam
760 2189 1037 2231 instrumenti
1075 2189 1190 2244 quod
1229 2190 1277 2231 in
1323 2190 1470 2232 Scocia
1506 2194 1708 2232 vocatum
1752 2195 1818 2234 est

313 2245 529 2301 Olochbolq,
564 2260 663 2288 cum
698 2245 793 2288 aliis
827 2247 943 2289 tubae
978 2247 1151 2296 corneis,
1184 2261 1283 2289 cum
1317 2248 1474 2303 quibus
1518 2248 1573 2289 ad
1592 2281 1595 2284 χ
1612 2262 1816 2303 equorum

311 2304 547 2345 exercitum
561 2304 792 2355 venientes,
807 2307 851 2346 et
870 2304 1131 2347 terribilibus
1151 2305 1265 2348 sonis
1286 2308 1496 2356 sonantes,
1511 2306 1611 2360 equi
1630 2306 1819 2361 stupore⁸

311 2361 445 2402 nimio
474 2362 701 2416 perterriti,
729 2362 868 2417 ruptis
896 2362 1152 2418 ligamentis,
1180 2363 1324 2414 frenis,
1353 2363 1516 2406 chamis
1552 2367 1596 2405 et
1628 2363 1816 2413 habenis,

310 2418 496 2472 quodam
515 2419 651 2462 fureo⁹
670 2420 838 2475 arrepti,
858 2420 1018 2475 absque
1046 2434 1164 2462 mora
1192 2422 1239 2463 in
1267 2421 1461 2475 partibus
1480 2420 1648 2476 Angliae
1671 2421 1817 2464 confu-

309 2475 503 2530 gierunt3
532 2480 575 2519 et
594 2477 755 2519 relictis
775 2477 987 2533 magistris
1008 2491 1153 2520 eorum
1171 2478 1478 2534 ped[estr]ibus
1498 2479 1546 2521 in
1565 2479 1678 2520 dicta
1691 2491 1817 2532 parca

310 2533 364 2575 de
393 2533 556 2585 Douns,
577 2535 762 2589 amplius
782 2549 869 2577 non
896 2539 1170 2578 reverterunt.
1229 2536 1441 2578 Dominus
1461 2549 1560 2578 vero
1589 2536 1641 2577 de
1670 2536 1815 2590 Percy,

309 2604 397 2646 prae
415 2590 567 2633 timore
582 2592 760 2643 confusi,
775 2597 976 2647 putantes
998 2594 1231 2636 exercitum
1247 2593 1468 2636 Scotorum
1483 2593 1536 2635 de
1546 2605 1675 2648 prope
1695 2594 1814 2634 veni-

372 2715 385 2736 1
407 2715 543 2748 Alter-ed
560 2716 644 2748 later
660 2720 692 2747 to
707 2715 841 2758 gladiis.
895 2717 932 2749 B.
952 2716 1089 2759 gladiis.
1397 2715 1411 2738 ²
1428 2717 1465 2750 C.
1486 2717 1525 2749 E.
1544 2717 1617 2750 add
1632 2716 1772 2751 domini.

371 2761 387 2783 ³
403 2764 438 2796 (J.
458 2762 498 2795 Ε.
517 2762 752 2795 desertabant.
804 2763 846 2796 D.
865 2764 993 2796 altered
999 2764 1099 2804 from
1115 2763 1353 2797 desertabant.

371 2809 385 2831 ⁴
403 2810 438 2843 O.
458 2810 497 2843 E.
515 2809 712 2852 impavitos.

371 2856 385 2878 ⁵
402 2857 540 2890 Altered
546 2857 647 2898 from
662 2855 794 2888 acriori.
846 2856 882 2889 O.
906 2855 943 2888 E.
964 2855 1101 2888 acriore.
1153 2856 1194 2891 D.
1214 2857 1342 2889 altered
1359 2857 1446 2890 later
1462 2861 1494 2889 to
1511 2856 1644 2891 acriori.

370 2902 385 2924 ⁶
401 2904 439 2937 B.
459 2903 495 2938 O.
514 2902 557 2936 D.
575 2903 615 2936 E.
634 2913 757 2936 eomes.
1297 2902 1311 2925 ⁷
1328 2904 1370 2937 D.
1389 2904 1516 2937 altered
1534 2905 1617 2937 later
1629 2908 1660 2936 to
1677 2904 1796 2938 millia.

370 2949 384 2971 ⁸
402 2951 442 2983 D.
462 2950 605 2994 stupori.
1298 2948 1312 2970 ⁹
1328 2950 1366 2982 B.
1386 2950 1493 2984 fureo.
