2008 3360
326 318 407 358 120
829 329 855 360 1
857 328 956 359 nme
976 327 1332 359 PLUSGARDENSIS.

321 429 413 473 et¹
395 431 505 486 Juris
519 432 741 488 utriusque
753 431 995 482 declarator,
1010 431 1064 473 ad
1080 431 1137 486 dij
1142 430 1417 473 udicandum²
1431 431 1542 474 inter
1555 436 1694 487 partes
1713 447 1820 489 prae-

322 488 459 532 dictas
488 504 595 533 onus
625 490 844 545 acciperet,
863 489 1170 531 instantissime
1199 488 1510 544 supplicarent;
1539 493 1592 540 et,
1612 505 1709 532 cum
1728 491 1819 542 hoc,

322 546 377 588 ad
396 548 651 590 servandum
679 546 942 590 sentenciam
960 560 1037 602 per
1056 560 1154 588 eum
1180 546 1363 601 juridice
1391 546 1624 589 ferandam⁸
1652 551 1695 590 et
1722 562 1820 603 pro-

322 604 607 660 mulgandam,
622 604 885 647 secundum
867 603 977 659 Juris
992 603 1573 660 (11118011010111,111-,1011111101ιο4
1586 609 1761 660 partem,
1772 606 1820 648 in

321 675 423 704 casu
443 662 804 713 contradiccionis,
832 675 908 716 per
926 662 1166 717 potenciam
1195 665 1238 704 et
1266 661 1356 704 vim
1385 666 1602 713 armatam,
1620 676 1719 705 cum
1747 663 1820 705 ad-

317 719 477 774 jutorio
497 734 717 775 procerum
744 719 875 775 regni,
904 723 1131 762 coartaret:
1161 719 1275 775 quod
1294 719 1356 761 ita
1374 719 1536 761 factum
1556 723 1630 762 est.
1688 720 1821 763 Venit

321 776 453 832 igitur
471 792 546 819 rex
564 777 800 819 Edwardus
819 777 1031 832 praefatus,
1050 777 1279 832 requisitus
1299 777 1353 819 ad
1373 776 1645 820 instanciam⁵
1664 791 1820 828 eorum,

319 835 435 889 apud
455 835 721 886 Berwicum,⁶
739 839 783 878 et
801 835 962 877 vocatis
993 835 1189 877 omnibus
1213 835 1425 886 vocandis,
1445 839 1488 877 et
1507 848 1585 877 sua
1602 834 1822 878 interesse⁷

320 891 367 933 in
387 892 502 935 dicta
521 907 648 935 causa
666 893 821 935 habere
849 893 1112 948 putantibus,
1132 893 1185 935 ad
1214 892 1328 935 diem
1356 896 1591 946 statutum3
1618 893 1695 935 ubi
1723 906 1823 935 con-

320 954 531 993 venerunt
550 964 697 993 omnes
716 950 835 1006 regni
863 951 1018 993 Scociae
1047 953 1195 1001 status,
1226 954 1276 992 ut
1306 950 1476 992 nullum
1506 964 1633 1006 regno
1666 950 1823 993 Scociae

319 1008 615 1063 praejudicium
653 1007 886 1064 generaret⁸
915 1007 1005 1050 haec
1038 1008 1207 1050 vocacio
1241 1008 1492 1064 generaliter
1528 1011 1822 1063 protestantes,

320 1069 397 1107 aut
435 1066 569 1108 eciam
607 1069 658 1108 ut
694 1079 771 1122 per
803 1065 882 1108 hoc
921 1065 1244 1121 cujuscumque⁹
1282 1069 1418 1108 status
1451 1065 1522 1108 vel
1561 1065 1822 1108 condicionis

320 1123 629 1179 superioritatis
655 1123 893 1166 dominium
912 1123 959 1165 in
977 1137 1105 1179 regno
1126 1123 1282 1166 Scociae
1310 1123 1358 1165 in
1386 1123 1579 1165 futurum
1608 1124 1691 1166 sibi
1719 1138 1821 1166 ven-

320 1181 461 1224 dicare
499 1186 783 1237 praesumeret,
818 1185 894 1223 aut
931 1180 1095 1236 aliquid
1128 1181 1238 1236 juris
1276 1181 1346 1223 vel
1384 1181 1698 1236 jurisdiccionis
1737 1180 1821 1223 sibi

320 1252 554 1282 accrescere
574 1239 763 1294 putando
784 1239 1001 1294 allegaret;
1020 1242 1070 1281 ut
1084 1252 1171 1281 non
1185 1243 1390 1294 tanquam
1406 1239 1597 1294 superior
1610 1238 1821 1289 dominus,

319 1296 391 1339 vel
410 1297 463 1339 de
477 1298 574 1353 jure
589 1297 735 1352 judex,
764 1296 839 1339 sed
867 1301 1074 1352 tanquam
1102 1296 1337 1339 amicabilis
1357 1296 1610 1351 compositor
1637 1299 1682 1339 et
1711 1296 1821 1338 arbi-

318 1357 453 1397 trator
478 1358 522 1397 et
540 1354 775 1397 vicinitatis
805 1354 967 1396 amicus
996 1354 1280 1409 praestancior,
1300 1354 1354 1396 ab
1374 1353 1525 1396 incolis
1544 1353 1746 1410 regatus¹⁰
1766 1353 1819 1396 ad

319 1411 567 1454 cessandam
600 1416 644 1455 et
677 1411 943 1454 cedandam¹¹
975 1411 1229 1454 discordiam
1268 1411 1560 1454 eminentem¹2
1589 1425 1666 1467 per
1699 1425 1821 1454 suam

319 1469 579 1525 sapienciam
608 1469 738 1512 simul
766 1474 810 1512 et
838 1469 1080 1525 potenciam
1113 1469 1335 1520 admissus,
1364 1483 1414 1511 ac
1442 1483 1557 1511 more
1586 1468 1822 1511 amicabilis

319 1527 611 1582 compositoris
631 1531 674 1570 et
692 1527 833 1583 gracia
851 1526 1161 1569 vicissitudinis
1181 1527 1351 1578 electus,
1365 1531 1596 1570 vocaretur.
1655 1527 1712 1569 Et
1731 1527 1821 1569 haec

318 1585 474 1636 omnia,
502 1589 602 1627 ante
622 1585 737 1628 diem
765 1588 809 1627 et
836 1584 927 1627 litis
953 1585 1202 1640 ingressum,
1223 1598 1298 1639 per
1317 1598 1415 1626 suas
1444 1584 1588 1627 literas
1616 1588 1822 1639 patentes,

319 1642 566 1685 consulibus
583 1643 740 1685 Scociae
753 1645 796 1685 et
808 1642 1056 1685 custodibus
1072 1641 1320 1694 exhibitis,¹³
1331 1641 1557 1684 manifeste
1573 1641 1823 1684 declarando

318 1701 506 1744 cavebat.
551 1700 915 1743 Convenientibus
930 1699 1095 1756 igitur¹⁴
1107 1713 1247 1742 coram
1260 1713 1308 1742 eo
1322 1700 1519 1742 omnibus
1531 1699 1651 1755 regni
1666 1699 1823 1742 Scociae

318 1757 451 1801 libere
478 1758 726 1801 tenentibus
754 1757 864 1813 qui¹⁶
893 1758 1097 1800 interesse
1126 1757 1268 1801 debite
1302 1757 1504 1800 deberent
1533 1761 1576 1800 et
1605 1757 1823 1799 commode

317 1819 562 1882 potuerunt,
595 1816 786 1872 praestito
815 1829 841 1858 a
868 1815 1062 1871 partibus
1096 1815 1404 1871 principalibus
1432 1815 1674 1882 J‘uramento
1709 1814 1824 1870 quod

318 1873 411 1928 ejus
427 1873 596 1916 decreto
610 1877 654 1916 et
673 1873 934 1916 sentenciae¹⁶
945 1887 1030 1928 quo
1045 1873 1101 1916 ad
1115 1873 1479 1916 (1001010010110111
1461 1872 1570 1927 Juris
1589 1871 1713 1928 regiae
1729 1886 1824 1914 suc—

318 1931 522 1974 cessionis
560 1931 739 1974 firmiter
776 1930 997 1974 obedirent
1041 1930 1312 1986 proferendae,
1355 1930 1554 1972 similiter
1591 1933 1634 1972 et
1677 1943 1823 1972 omnes

317 1989 495 2044 praelati,
516 2002 721 2045 proceres,
739 1988 917 2031 barones
937 1991 979 2031 et
994 1988 1082 2039 alii,
1098 1988 1239 2031 clerici
1258 1987 1388 2030 simul
1407 1992 1450 2030 et
1469 1988 1711 2043 burgenses,
1726 2001 1824 2029 cum

318 2046 415 2089 aliis
450 2046 677 2089 antedictis
711 2046 960 2089 custodibus
999 2049 1043 2088 et
1079 2045 1436 2088 communitatum
1473 2045 1824 2100 procuratoribus,

318 2117 395 2159 per
413 2104 559 2147 literas
587 2118 686 2147 suas
714 2108 922 2160 patentes,
942 2103 1171 2146 eorundem
1197 2103 1348 2158 sigillis
1374 2103 1601 2154 roboratas,
1621 2116 1670 2145 ac
1690 2102 1825 2145 eciam

319 2175 396 2216 per
433 2162 770 2205 instrumentum
817 2161 1039 2217 publicum
1078 2165 1122 2203 et
1169 2161 1445 2211 autenticum,
1484 2160 1741 2203 similimodo
1780 2173 1825 2202 se

319 2219 497 2263 firmiter
515 2220 772 2286 obligabant,
786 2223 836 2261 ut
850 2219 928 2270 1111,
943 2217 1182 2275 tanquam¹⁷
1199 2218 1362 2274 dejure
1377 2233 1505 2274 quam
1521 2219 1573 2260 de
1592 2218 1714 2268 facto,
1729 2221 1824 2260 tan-

319 2290 450 2331 quam
482 2277 572 2333 regi
604 2277 776 2320 domino
805 2291 882 2319 suo
911 2277 1128 2332 superiori,
1157 2290 1303 2319 omnes
1333 2280 1376 2319 et
1405 2276 1564 2331 singuli
1594 2251 1823 2325 obedirent,

320 2347 448 2388 quem
476 2335 568 2390 ipse
596 2349 671 2378 rex
690 2334 867 2401 ‘Angliae
886 2334 939 2377 de
959 2335 1123 2377 duobus
1144 2348 1285 2377 coram
1304 2348 1352 2376 00
1372 2333 1725 2377 contendentibus
1749 2332 1822 2387 jus

320 2391 375 2433 ad
404 2392 699 2446 regnandum
686 2406 735 2434 m
753 2406 880 2448 regno
908 2392 1065 2435 Scociae
1095 2391 1335 2434 declararet.
1396 2392 1561 2442 Quibus
1589 2391 1734 2445 itaque
1762 2388 1824 2431 sic

322 2448 539 2500 ordinatis,
553 2463 664 2504 saepe
680 2450 820 2492 dictus
839 2449 1009 2505 Angliae
1022 2464 1097 2492 rex
1109 2448 1377 2505 [Edwardus]
1391 2448 1517 2504 elegit
1530 2447 1689 2490 xxiiii⁰
1699 2446 1825 2496 viros,

322 2505 516 2557 sciencia,
535 2507 736 2558 moribus,
749 2511 875 2549 aetate
893 2511 937 2549 et
955 2507 1160 2549 fidelitate
1178 2506 1410 2562 praeclaros,
1426 2506 1478 2548 de
1498 2504 1687 2561 quolibet
1706 2506 1824 2546 statu

385 2644 400 2667 ¹
416 2645 454 2679 C.
471 2647 515 2678 ut
529 2645 658 2678 altered
674 2649 706 2678 ιο
723 2647 769 2678 et.
819 2645 859 2678 Ε.
878 2647 929 2678 ut.
1381 2642 1396 2665 ²
1412 2644 1450 2679 O.
1467 2643 1751 2677 dimidicaudum.

385 2690 402 2714 ³
418 2692 456 2725 B.
474 2692 512 2725 G.
530 2692 572 2725 D.
590 2691 630 2725 E.
648 2691 835 2725 ferendam.

386 2737 400 2760 ⁴
416 2739 453 2773 C.
472 2738 512 2772 Ε.
530 2741 724 2781 utramque.
775 2739 816 2772 D.
835 2740 1062 2781 utrarumque
1079 2738 1206 2772 altered
1220 2742 1254 2771 to
1270 2740 1463 2781 utramque.

371 2784 404 2826 {⁶
419 2785 463 2819 D.
481 2785 672 2828 justiciam.
859 2783 874 2805 ⁶
890 2785 932 2818 D.
955 2785 1202 2819 Bereuwicum.
1383 2783 1397 2807 ⁷
1414 2784 1453 2818 B.
1471 2783 1506 2818 C.
1525 2783 1566 2819 E.
1584 2783 1791 2819 intencione.

386 2830 402 2854 Β
417 2832 454 2866 C'.
473 2832 514 2865 Ε.
531 2843 706 2876 generare.
855 2829 870 2852 ⁹
886 2831 923 2864 Ο.
940 2831 979 2864 Ε.
997 2832 1348 2874 unuscujuseumque.

372 2877 402 2901 ¹⁰
417 2879 455 2913 B.
474 2879 511 2913 Ο.
531 2879 574 2913 Ε.
593 2881 745 2923 rogatus.
794 2877 837 2911 D.
855 2881 998 2922 regatus
1014 2879 1140 2911 altered
1155 2878 1241 2911 later
1256 2882 1289 2910 to
1305 2879 1456 2922 rogatus.

372 2925 401 2947 ¹¹
419 2926 457 2960 B.
476 2927 572 2960 omits
586 2928 623 2960 et
639 2925 840 2960 cedandam.
912 2923 943 2946 ¹²
958 2925 997 2960 Β.
1015 2924 1266 2959 imminentem.
1368 2923 1397 2946 ¹³
1411 2925 1450 2958 B.
1469 2924 1507 2960 O.
1525 2924 1568 2960 D.
1582 2925 1622 2959 Ε.
1637 2925 1822 2959 exhibitas.

372 2971 401 2995 ¹4
417 2973 456 3008 B.
473 2983 565 3017 ergO.
706 2971 737 2994 ¹⁵
754 2973 790 3007 C.
810 2972 849 3005 Ε.
868 2982 955 3016 quae.
1101 2970 1131 2993 ¹⁶
1146 2972 1183 3006 C.
1202 2971 1242 3005 E.
1261 2971 1495 3007 sentencione.
1637 2971 1663 2994 ¹⁷
1681 2973 1719 3006 B.
1738 2975 1823 3006 tam.
