2008 3360
762 320 889 350 LIBER
909 320 1176 352 UNDECIMUS.
1644 315 1722 353 391

222 425 438 469 carnifices
468 426 607 478 divisi,
627 440 675 469 ac
695 440 840 469 eorum
860 426 1051 468 membra
1079 428 1177 481 post
1196 425 1276 467 hoc
1295 426 1342 467 in
1370 426 1505 481 portis
1527 426 1727 468 villarum

222 489 265 527 et
285 485 486 540 opidum‚¹
509 485 563 527 ad
582 485 763 527 aliorum
792 484 988 539 exempla
1016 482 1296 534 traditorum,2
1316 497 1522 539 suspensa
1540 484 1726 535 fuerunt,

222 557 270 585 ac
302 557 447 585 eorum
481 544 622 598 capita
655 543 702 584 in
737 542 914 585 excelsis
947 542 1052 584 10010
1087 542 1410 584 notabilioribus
1443 542 1646 583 villarum
1680 547 1725 585 et

221 601 447 643 civitatum
476 614 602 656 super
631 601 769 656 spicas
799 601 953 642 ferreas
983 600 1182 642 exaltata.
1243 599 1446 655 Exceptis
1476 600 1641 642 duobus
1671 600 1725 642 de

221 658 347 700 dictis
376 659 628 701 traditorum
659 658 948 713 complicibus,
967 657 1167 700 fratribus
1193 658 1414 713 germanis,
1434 657 1486 699 de
1506 657 1725 713 Berclays3

222 716 273 758 de
294 717 443 771 Tyntis
464 717 589 759 Mure
610 716 928 772 cognominatis,
948 715 1023 770 qui
1042 715 1089 756 in
1107 716 1300 770 partibus
1320 716 1509 758 Franciae
1529 715 1722 757 clanculo

221 778 469 826 evaserunt3
497 778 540 817 et
559 775 605 816 in
624 774 817 829 partibus
849 773 1054 815 Britaniae
1074 773 1256 815 Minoris
1278 773 1439 829 cogniti
1469 774 1584 828 capti
1604 777 1647 816 et
1667 774 1721 816 ad

221 832 373 874 ducem
398 832 713 874 nobilissimum
733 833 763 874 J
765 832 977 874 ohannem
997 831 1125 873 ducti.
1187 831 1272 882 Qui
1292 831 1392 882 dux,
1410 831 1647 874 instructus
1668 831 1721 874 de

220 890 408 940 crimine,
435 891 566 932 simili
595 889 748 933 morte4
778 888 1034 944 deprivavit⁵
1063 892 1114 930 ut
1145 889 1436 944 supradictum
1467 893 1554 931 est:
1586 893 1630 931 et
1660 890 1722 931 sic

220 948 366 990 nullus
391 949 563 990 omnino
594 949 739 990 evasit.
801 949 903 990 Post
933 947 1054 1002 cujus
1084 947 1261 998 obitum,
1280 947 1328 988 in
1357 950 1448 989 tota
1477 947 1719 989 christiani-

219 1008 319 1055 tate,
348 1009 398 1047 ut
428 1007 634 1048 veraciter
660 1006 834 1055 aestimo,
865 1005 919 1047 ad
949 1004 1184 1047 utilitatem
1214 1005 1335 1060 regni
1366 1008 1410 1047 et
1439 1005 1630 1060 regimen
1657 1005 1720 1047 rei

218 1063 401 1118 publicae
421 1078 509 1106 non
527 1064 703 1118 reliquit
722 1064 806 1106 sibi
825 1077 979 1118 parem.
1039 1063 1185 1104 Tantae
1215 1063 1330 1105 enim
1358 1063 1600 1117 prudenciae
1631 1066 1721 1105 erat

219 1121 333 1175 quod
353 1122 495 1163 omnia
521 1122 653 1172 novit,
673 1121 816 1163 omnia
845 1121 983 1171 scivit,
1003 1120 1225 1163 ecclesiam
1254 1120 1488 1171 honoravit,
1509 1121 1720 1176 operarios

218 1183 262 1220 et
281 1179 449 1221 colones
469 1179 633 1230 dilexit,
653 1178 874 1234 agricolas⁶
887 1179 1084 1233 protexit,
1099 1192 1317 1234 pauperes,
1338 1178 1536 1234 pupillos,
1556 1178 1721 1228 viduas,

218 1236 426 1291 orphanos
456 1241 500 1279 et
529 1250 675 1279 omnes
678 1212 966 1278 ”miserabiles
995 1250 1195 1290 personas
1226 1236 1452 1278 defendere
1470 1236 1618 1279 voluit.
1681 1213 1721 1278 0'

216 1293 487 1345 lacrimanda,
517 1293 711 1336 miranda
742 1297 785 1336 et
818 1292 1109 1335 lamentanda⁷
1138 1307 1250 1335 mors
1281 1294 1446 1344 misera,
1480 1308 1576 1349 quae
1609 1293 1721 1335 nufli

217 1352 483 1394 excellenciae
497 1353 645 1407 parcit,
660 1365 805 1407 ymmo
821 1350 1085 1394 condicione⁸
1099 1351 1191 1406 pari
1211 1352 1354 1393 omnia
1368 1351 1497 1406 rapit!
1546 1352 1722 1394 Judicia

218 1411 334 1452 enim
354 1411 439 1452 Dei
459 1411 623 1453 abissus
643 1410 792 1453 multa.
853 1410 979 1460 Nam,
1000 1410 1113 1451 sicut
1133 1409 1348 1451 exaltatur
1374 1410 1530 1451 coelum
1551 1423 1577 1451 a
1596 1413 1719 1459 terra,

217 1468 278 1510 ita
292 1468 373 1510 viae
393 1469 498 1523 Ejus
518 1483 543 1511 a
561 1468 644 1510 viis
659 1468 893 1518 hominum,
914 1471 957 1510 et
976 1467 1257 1522 cogitaciones
1278 1468 1383 1522 Ejus
1404 1481 1429 1509 a
1449 1467 1719 1523 cogitacioni-

217 1527 297 1568 bus
318 1540 474 1568 eorum.
536 1526 619 1568 Sed
637 1526 745 1568 heu}
776 1525 891 1580 quod
918 1539 1037 1580 reges
1066 1526 1203 1566 nostri
1227 1526 1408 1579 juvenes
1430 1530 1531 1567 sunt
1551 1526 1719 1580 saepius,

218 1584 264 1625 in
285 1597 466 1639 quorum
494 1584 757 1638 temporibus
781 1582 958 1638 justicia
987 1583 1229 1637 frequenter
1259 1582 1471 1624 claudicat
1484 1599 1495 1635 ;
1526 1586 1570 1625 et
1590 1596 1720 1625 causa

217 1642 347 1696 hujus
368 1646 432 1684 est
454 1655 501 1683 eo
524 1641 638 1696 quod
658 1655 744 1682 non
766 1644 867 1683 sunt
887 1641 1100 1695 sapientes
1120 1654 1198 1682 1100
1218 1640 1449 1694 prudentes
1470 1640 1525 1682 ad
1545 1654 1719 1695 cognos-

218 1700 400 1742 cendum
432 1699 548 1741 viam
583 1699 797 1754 aequitatis
833 1702 876 1740 et
904 1698 1101 1753 justiciae.
1163 1698 1289 1748 Nam,
1318 1702 1368 1740 ut
1397 1698 1547 1740 dicunt
1581 1699 1720 1740 sancti

216 1757 310 1807 viri,
330 1758 532 1812 Princeps
562 1771 649 1799 non
677 1757 884 1807 literatus,
905 1756 1049 1798 asinus
1079 1759 1326 1798 coronatus:
1357 1756 1459 1810 quia
1488 1756 1589 1798 caeci
1618 1761 1720 1798 sunt

216 1816 428 1871 principes
463 1829 549 1858 non
583 1815 754 1857 literati.
816 1815 928 1857 Item
957 1813 1164 1869 propheta
1192 1814 1240 1855 in
1268 1814 1374 1856 tuba
1402 1814 1580 1855 Domini
1600 1813 1721 1865 dicit,

218 1873 425 1928 Captivus
445 1874 598 1916 ductus
619 1876 686 1915 est
705 1873 889 1928 populus
909 1886 1040 1922 meus,
1055 1872 1194 1927 qui[a]
1216 1885 1302 1913 non
1322 1871 1564 1913 habuerunt
1583 1871 1718 1913 scien-

218 1931 349 1984 ciam3
370 1935 413 1973 et
432 1931 645 1987 principes
666 1945 812 1973 eorum
832 1930 1059 1985 perierunt.
1120 1930 1267 1972 Eciam
1286 1929 1499 1984 principes
1520 1929 1597 1985 qui
1617 1934 1719 1972 sunt

217 1989 352 2044 ignari
381 1989 548 2044 ignaros
583 1989 854 2031 constituunt
883 1988 999 2030 suos⁹
1028 1987 1248 2030 officiarios
1277 1988 1476 2042 justiciae,
1510 1992 1554 2029 et
1588 2001 1718 2030 caecos

217 2047 351 2089 nichil
383 2048 563 2090 scientes
598 2047 834 2102 sapienciae,
869 2045 1063 2088 scienciae
1091 2046 1162 2087 vel
1190 2046 1443 2101 prudenciae.
1502 2046 1560 2087 Et
1591 2059 1718 2087 causa

218 2108 282 2146 est
316 2104 419 2159 quia
451 2105 615 2147 nobiles
652 2105 808 2147 Scociae
843 2118 930 2146 non
964 2104 1193 2159 dignantur
1229 2103 1456 2145 scienciam
1490 2102 1716 2145 addiscere.

219 2162 301 2204 Sed
322 2163 532 2217 quomodo
551 2166 692 2217 potest
708 2163 804 2217 quis
826 2162 932 2204 scire
950 2161 1107 2212 literas,
1122 2161 1206 2203 nisi
1225 2161 1344 2216 prius
1366 2160 1619 2203 didiscerit¹⁰
1633 2174 1715 2203 eas.

219 2220 321 2262 Ideo
350 2221 526 2275 justicia
559 2234 688 2275 regno
724 2220 880 2262 Scociae
915 2223 980 2261 est
1014 2219 1165 2261 debilis
1200 2224 1243 2261 et
1276 2219 1433 2273 tepida,
1463 2219 1510 2260 in
1549 2218 1718 2261 defectu

217 2292 362 2333 regum
372 2278 583 2332 juvenum
596 2283 639 2320 et
652 2279 860 2319 baronum
879 2276 1226 2332 11101111011010111,11
1239 2276 1353 2331 quod
1368 2276 1560 2319 dolenter
1573 2277 1718 2326 refero,

218 2336 316 2379 etc.⁹
373 2336 457 2378 Sed
476 2337 578 2391 quia
596 2336 643 2377 111
664 2336 834 2378 defectu
849 2335 1036 2390 justiciae
1055 2335 1183 2376 multi
1203 2335 1376 2389 periunt
1395 2335 1521 2385 fame,
1542 2334 1717 2389 quidam

218 2392 412 2436 0101011012
425 2398 468 2436 et
480 2393 704 2436 esuriens¹3
713 2393 934 2448 justiciam
950 2392 1165 2447 quandam
1180 2392 1513 2434 instruccionem
1530 2391 1722 2448 ignaris¹4

212 2452 430 2507 judicibus
451 2452 497 2493 in
515 2451 682 2507 vulgari
701 2455 844 2493 nostro
864 2450 1127 2506 compilavit,
1146 2453 1196 2492 ut
1218 2448 1456 2506 sequitur.15

280 2611 292 2633 ¹
309 2613 347 2646 B.
367 2612 559 2655 opidorum.
772 2609 786 2631 2
803 2611 841 2642 B.
859 2609 992 2642 tradita
1008 2612 1052 2642 et.
1251 2607 1265 2629 3
1282 2609 1318 2642 C.
1337 2608 1376 2641 Ε.
1395 2607 1590 2651 Berklayiz.

280 2658 294 2679 ⁴
311 2660 347 2693 C.
366 2660 409 2692 D.
428 2659 467 2692 E.
486 2657 601 2692 morti.
775 2656 789 2678 ⁵
806 2657 841 2692 C.
864 2656 1060 2699 deputavit.
1249 2654 1264 2676 ⁶
1280 2655 1316 2689 O.
1336 2655 1512 2699 agriculos

279 2705 293 2727 ⁷
310 2707 349 2739 B.
367 2708 463 2739 omits
478 2708 515 2739 et
531 2704 764 2737 lamentanda.
1249 2701 1263 2723 ⁸
1279 2702 1321 2736 D.
1341 2702 1545 2735 condicioni.

280 2752 295 2773 ⁹
311 2754 349 2787 B.
368 2755 464 2786 omits
482 2753 545 2785 eltis
561 2752 662 2785 word.
760 2749 788 2771 ¹⁰
805 2751 842 2784 G.
861 2751 901 2783 E.
920 2750 1126 2783 addisceret.
1234 2748 1261 2770 1¹
1280 2750 1316 2783 O.
1338 2750 1380 2782 D.
1399 2750 1439 2782 E.
1458 2747 1716 2791 incipiencium.

266 2798 294 2820 12
311 2801 352 2834 D.
370 2800 526 2833 sciciens.
762 2797 790 2819 ¹3
807 2798 844 2831 C.
863 2797 1026 2831 esurient.
1235 2795 1263 2817 ¹⁴
1282 2797 1317 2829 G.
1336 2795 1459 2840 ignari.

266 2845 294 2867 ²5
312 2846 348 2881 O.
367 2847 406 2880 E.
425 2848 489 2879 end
513 2847 597 2880 here.
648 2846 684 2879 G.
705 2845 767 2878 has
791 2844 885 2878 C’est
908 2847 998 2878 tout.
1051 2845 1090 2877 E.
1118 2844 1180 2877 llas
1205 2843 1300 2876 Libri
1325 2841 1513 2877 Undecimi
1537 2852 1577 2874 ac
1601 2840 1719 2874 ultimi

220 2893 308 2928 finis.
355 2893 401 2927 ‘H
419 2893 504 2937 δόξα
520 2894 568 2940 τῷ
587 2894 674 2940 θεῷ.
