2014 3354
157 760 223 783 Λ.ῐ).
242 753 330 784 1169.

381 295 433 335 18
872 304 998 336 mmm
1018 304 1375 337 rruscmnnnsm.

376 407 421 450 N
421 406 705 460 orthumbriae‚
733 408 889 464 quibus
918 422 992 451 rex
1021 408 1190 463 Angliae
1218 411 1358 450 tractu
1390 407 1624 464 praehabito
1658 406 1743 451 sibi
1776 419 1871 462 spo-

376 465 612 521 sponderat,
632 467 884 509 comitatum
904 466 988 508 sibi
1006 466 1178 508 restitui
1197 466 1350 521 peciit3
1382 466 1458 508 sed
1477 466 1602 521 quod,
1617 469 1666 508 ut
1683 465 1872 521 praemit-

375 524 493 574 titur,
511 524 810 580 ingruentibus
838 523 964 566 bellis
992 523 1165 566 territus
1204 527 1478 575 concesserat,
1510 523 1594 566 hiis
1621 527 1765 565 tamen
1794 522 1872 564 ali-

374 581 600 636 quatenus¹
621 582 771 637 sopitis
800 584 843 624 et
862 580 1172 637 quodammodo
1200 581 1444 636 pacificatis,
1463 581 1587 636 quasi
1605 581 1657 623 de
1685 580 1871 623 inimicis

373 642 495 681 tutus
509 640 682 681 effectus
694 638 866 681 reddere
880 638 1113 694 denegavit.
1143 638 1409 694 Quapropter
1418 638 1676 693 imperfectis
1687 637 1871 694 negociis

375 696 583 747 omnibus,
595 710 670 738 rex
683 696 839 738 Scociae
853 695 1098 738 Willelmus
1112 696 1348 752 impacatus
1362 696 1547 747 recessit,
1562 699 1606 738 et
1619 695 1666 737 in
1681 695 1870 738 Scociam

374 754 541 796 rediens
560 753 786 796 incolumis
805 753 989 796 advenit.
1048 754 1177 796 Anno
1196 754 1275 796 viz.
1291 754 1466 796 Domini
1487 760 1540 795 Μ0
1552 767 1584 796 c.
1601 753 1695 795 lxix
1715 753 1870 795 Henri-

375 825 451 854 cus
465 825 540 854 rex
552 811 721 866 Angliae
739 811 874 853 filium
892 825 1018 853 suum
1038 811 1368 867 primogenitum
1389 812 1636 862 Henricum,
1659 810 1871 866 generem2

375 869 484 924 regis
507 869 695 911 Franciae
714 868 951 920 Lodovice,⁸
973 869 1020 910 in
1039 869 1400 912 consecracionem
1421 874 1464 912 et
1492 868 1760 911 uncoionem⁴
1794 882 1870 923 per

375 926 738 981 archiepiscopum
766 927 1086 978 Eboracensem,
1111 927 1159 969 in
1187 927 1334 969 odium
1367 927 1506 970 sancti
1534 927 1706 969 Thomae
1734 926 1870 968 archi-

375 984 564 1039 episcopi
584 984 912 1035 Cantuariensis,
931 984 1160 1040 disponens
1190 999 1299 1036 eum,
1329 985 1377 1026 in
1405 999 1556 1040 regem,
1576 988 1721 1026 contra
1739 984 1870 1039 privi-

374 1042 485 1097 legia
514 1042 639 1084 dictae
666 1042 852 1085 ecclesiae
873 1042 1201 1095 Cantuariensis‚
1220 1043 1422 1098 nequiter·
1439 1047 1482 1085 et
1509 1042 1722 1084 tirannide
1750 1055 1871 1083 usur—

375 1100 516 1155 pando
555 1099 815 1151 sublimavit,
850 1104 894 1143 et
931 1100 1182 1155 praedictum
1221 1104 1417 1143 sanctum
1454 1100 1594 1143 virum
1630 1100 1678 1142 in
1717 1099 1870 1142 Galliis

376 1157 545 1200 exulem
577 1158 829 1213 profugavit.
890 1158 1012 1201 Circa
1038 1158 1154 1208 idem
1187 1161 1357 1214 tempus
1385 1161 1647 1200 terraemotus
1680 1157 1728 1199 in
1760 1161 1872 1200 terra

375 1219 523 1258 sancta
553 1216 693 1258 factus
713 1218 779 1258 est
797 1219 886 1258 tam
906 1215 1119 1267 terribilis,
1138 1215 1205 1258 ut⁵
1224 1216 1382 1258 multas
1404 1216 1598 1258 civitates
1627 1215 1675 1257 in
1702 1215 1871 1257 ruinam

375 1272 543 1316 euntes⁶
571 1273 799 1316 submersit
811 1288 822 1326 ;
860 1287 909 1316 ac
944 1273 1078 1316 eciam
1116 1274 1163 1315 in
1201 1274 1361 1316 eisdem
1395 1274 1588 1329 partibus
1627 1276 1772 1328 aperta
1805 1277 1871 1316 est

374 1334 484 1373 terra
522 1333 566 1373 et
602 1331 956 1373 innumerabilem
993 1331 1142 1387 populi
1179 1331 1504 1374 multitudinem
1547 1330 1784 1387 deglutivit,
1827 1334 1871 1373 et

373 1389 511 1431 multa
539 1388 716 1431 aedificia
749 1389 974 1431 obruencia
1002 1389 1221 1431 universos
1251 1389 1510 1431 habitatores
1540 1387 1766 1444 operiendo
1796 1402 1869 1431 ex-

373 1446 523 1499 tinxit;
542 1446 669 1488 multi
680 1450 824 1489 tamen
840 1446 1085 1498 Christiani,
1100 1447 1175 1502 qui
1189 1447 1355 1489 ibidem·
1368 1448 1447 1489 sub
1466 1446 1645 1489 tributo⁵
1659 1446 1869 1502 peregrini

373 1508 418 1547 et
432 1508 680 1547 mercatores
695 1505 879 1555 fuerunt,
893 1504 1142 1547 miraculose
1155 1504 1349 1559 precibus
1368 1505 1503 1547 beatae
1516 1504 1692 1560 virginis
1707 1504 1870 1554 Mariae,

373 1575 503 1617 quam
535 1562 783 1612 invocando,
803 1565 847 1603 et
875 1562 989 1617 apud
1018 1562 1350 1604 Rechemadour⁷
1370 1563 1418 1604 in
1447 1562 1598 1604 Galliis
1628 1562 1869 1618 ymaginem

373 1620 563 1675 ejusdem
602 1623 647 1662 et
684 1620 903 1662 ecclesiam
941 1633 1112 1675 peregre
1149 1620 1322 1662 visitare
1360 1619 1657 1675 promittendo,
1687 1619 1781 1661 sani
1825 1623 1870 1661 et

374 1678 482 1720 salvi
509 1681 759 1730 evaserunt3
787 1680 831 1719 et
859 1677 975 1733 apud
1003 1677 1253 1732 praedictum
1282 1677 1423 1720 locum
1451 1678 1670 1720 venientes
1698 1676 1746 1719 in
1774 1690 1869 1732 par-

373 1736 489 1777 tibus
510 1735 674 1786 Galliae,
693 1734 895 1790 praediota
914 1735 1125 1777 mirabilia
1153 1735 1418 1778 retulerunt.⁸
1481 1735 1580 1777 Hiis
1602 1734 1735 1778 eciam
1759 1738 1868 1777 tem-

373 1793 546 1848 poribus
566 1793 678 1835 facta
698 1792 782 1835 est⁹
800 1793 1022 1835 contencio
1042 1797 1085 1835 et
1105 1792 1312 1835 discensio
1327 1806 1480 1848 magna
1494 1792 1607 1835 inter
1632 1792 1868 1835 Henricum

373 1854 548 1906 patrem,
566 1864 707 1906 regem
726 1851 944 1901 seniorem,
965 1854 1008 1893 et
1027 1851 1265 1892 Henricum
1279 1850 1462 1902 filium‚²⁰
1476 1864 1616 1906 regem
1631 1850 1867 1905 juniorem3

372 1913 545 1964 propter
582 1922 712 1963 quam
750 1908 1002 1950 discordiam
1041 1908 1253 1950 Henricus
1291 1908 1416 1959 filius,
1445 1922 1543 1950 cum
1581 1908 1745 1951 duobus
1784 1909 1868 1950 fra-

372 1967 522 2017 tribus,
564 1966 618 2008 de
650 1966 841 2021 partibus
870 1965 1037 2021 Angliae
1074 1966 1122 2007 in
1156 1965 1308 2008 Galliis
1342 1966 1396 2008 ad
1433 1979 1574 2021 regem
1607 1966 1866 2008 Francorum

372 2024 544 2067 recessit
556 2023 598 2077 3¹¹
628 2030 671 2066 et
698 2023 807 2079 regis
836 2023 1044 2066 Willelmi
1074 2023 1242 2074 Scociae‚
1262 2027 1305 2065 et
1324 2023 1501 2065 aliorum
1532 2023 1760 2066 multorum
1793 2024 1867 2066 do-

372 2083 587 2124 minorum
637 2081 825 2124 Franciae
864 2081 1054 2136 ejusdem
1101 2081 1371 2136 opinionibus
1419 2081 1770 2124 concordancium
1823 2085 1867 2124 et

372 2140 612 2183 subsidium
639 2138 995 2194 promittencium,
1025 2138 1260 2181 amiciciam
1289 2139 1511 2181 alliciendo
1541 2139 1718 2181 attraxit
1730 2155 1741 2192 ;
1769 2152 1866 2195 sug-

371 2202 539 2253 gestum
567 2196 683 2239 enim
715 2200 806 2239 erat
837 2196 926 2238 fflio
959 2196 1073 2252 quod
1110 2201 1241 2252 pater,
1269 2197 1482 2252 poenitens
1514 2210 1613 2239 eum
1646 2197 1693 2239 in
1726 2210 1867 2252 regem

373 2255 635 2305 sublimasse,
673 2254 844 2297 volebat
881 2254 1010 2297 tacite
1048 2258 1092 2297 et
1130 2258 1291 2297 secreto
1324 2254 1448 2297 modo
1482 2268 1609 2297 suum
1641 2254 1866 2310 praefatum

372 2312 510 2354 filium
528 2326 668 2367 regem
682 2312 895 2367 juniorem
914 2326 1076 2368 capere,
1094 2315 1138 2354 et
1156 2312 1203 2354 in
1222 2312 1406 2367 quodam
1420 2315 1555 2355 castro
1570 2312 1669 2355 forti
1684 2311 1865 2354 eundem

373 2369 494 2412 arti¹²
512 2370 705 2412 custodia
733 2370 939 2425 deputari.
1001 2370 1125 2421 Quod
1153 2369 1330 2413 audiens
1359 2370 1473 2412 filius
1501 2369 1802 2420 transfretavit,
1822 2373 1865 2412 et

372 2428 428 2470 ad
446 2431 610 2482 patrem
629 2427 807 2470 uxoris¹³
835 2441 923 2470 suae
942 2427 1206 2470 Ludovicum
1233 2442 1373 2484 regem
1392 2428 1648 2470 Francorum
1677 2427 1863 2482 seipsum

371 2485 580 2537 reddidit;
609 2488 652 2527 et
671 2485 829 2536 statim,
849 2486 941 2540 ejus
960 2485 1142 2527 confisus
1161 2486 1333 2537 auxilio,
1351 2485 1528 2527 insidias
1560 2489 1603 2527 et
1621 2484 1733 2527 bella
1752 2485 1865 2539 patri

372 2557 449 2586 suo
468 2542 702 2597 Anglorum
720 2543 809 2598 regi
827 2542 1162 2597 paravit—licet
1189 2543 1311 2594 male,
1331 2542 1432 2598 quia
1458 2542 1595 2584 filium
1623 2542 1671 2584 in
1699 2546 1865 2597 patrem

370 2601 586 2657 insurgere
613 2599 923 2655 nequissimum
951 2604 1017 2643 est
1028 2616 1039 2653 ;
1072 2604 1394 2656 verumptamen
1414 2614 1467 2642 ex
1487 2600 1571 2642 Dei
1588 2600 1864 2655 permissione

434 2717 447 2739 ¹
464 2717 499 2752 C.
519 2717 708 2760 aliquanto.
758 2716 797 2750 E.
816 2716 1013 2760 aliquando.
1447 2714 1463 2737 ²
1479 2717 1515 2751 C.
1533 2716 1573 2750 E.
1591 2727 1766 2760 generum.

433 2763 448 2786 ³
463 2764 501 2799 C.
524 2764 558 2798 E.
579 2763 752 2797 Ludovici.
905 2762 919 2783 ⁴
936 2763 973 2797 O.
991 2763 1030 2796 E.
1049 2762 1335 2797 benedictionem.
1446 2761 1461 2784 ⁵
1479 2763 1515 2796 O.
1533 2763 1573 2797 E.
1587 2764 1660 2796 add
1675 2766 1720 2797 et.

431 2809 448 2833 ⁶
464 2811 502 2845 B.
521 2811 556 2844 C.
576 2811 616 2845 E.
633 2813 802 2845 evertens.
901 2808 915 2832 ⁷
932 2810 971 2844 B.
990 2810 1265 2844 Rochemadour.
1314 2810 1350 2844 O.
1369 2810 1408 2844 E.
1426 2810 1697 2844 Rothemadour.

431 2855 446 2879 ⁸
463 2858 501 2892 Ο.
518 2858 558 2891 Ε.
575 2858 776 2891 recitarunt.
902 2854 917 2878 ⁰
933 2856 969 2890 C.
988 2857 1029 2890 E.
1048 2859 1128 2890 omit
1143 2859 1207 2891 est.
1426 2854 1455 2879 ²⁰
1470 2857 1508 2891 O.
1526 2857 1565 2891 E.
1584 2857 1655 2890 add
1670 2858 1757 2900 ejus.

418 2903 446 2927 ²¹
463 2905 502 2939 Β.
521 2904 673 2938 Franeiae
688 2903 841 2937 recessit.
889 2903 926 2937 C.
946 2904 986 2940 E,
1004 2903 1157 2938 Franeiae
1173 2903 1327 2938 occessit.

417 2951 447 2973 ¹²
461 2952 500 2985 B.
518 2954 625 2987 arcta.
674 2951 710 2987 C.
730 2950 772 2985 D.
790 2951 829 2985 E.
850 2953 935 2987 arta.
1425 2948 1454 2973 ¹³
1470 2950 1508 2986 O.
1528 2961 1679 2984 uxorem.
