2008 3360
298 363 301 365 .
369 328 450 368 272
870 338 997 369 menn
1017 337 1369 369 PLUSGARDENSIS.

155 2166 224 2191 Ad).
243 2161 330 2193 1335.

368 441 572 496 Angliam
591 442 763 483 recessit
774 441 810 492 51
839 441 1090 496 promittens
1110 441 1242 483 eciam
1263 441 1459 483 omnibus
1475 441 1636 485 viribus
1655 457 1730 499 pro
1749 443 1865 499 pacis

369 499 592 541 eoncordia
620 499 818 540 laborare.
878 498 1058 541 Interim
1085 512 1185 540 vero
1213 498 1446 541 Edwardus
1475 499 1528 541 de
1556 499 1745 552 Balliolo,
1772 514 1866 556 per—

370 556 525 611 agratis
556 556 711 598 Scociae
730 555 898 610 pascuis
928 559 972 598 et
998 555 1149 611 planis,
1169 556 1244 597 ubi
1273 556 1356 598 sibi
1374 556 1597 611 placebat,2
1615 571 1663 600 ac
1682 558 1802 600 terris
1822 562 1865 600 et

371 613 571 655 dominiis
595 613 684 655 suis
704 613 947 655 faventibus
967 613 1143 664 collatis,
1162 613 1264 655 hinc
1283 613 1383 656 inde
1404 627 1558 665 secure,
1578 618 1627 656 ut
1646 614 1729 657 sibi
1746 615 1865 658 vide-

370 671 506 721 batur,
526 670 846 725 perambulavit.
907 670 1095 713 Tandem
1115 671 1229 727 apud
1248 671 1463 713 Ranfrew⁸
1476 672 1738 727 perveniens,
1751 686 1864 715 more

369 729 484 783 regio
519 728 718 779 dominia,
747 731 879 771 terras
908 732 952 770 et
985 728 1122 771 officia
1156 728 1245 770 suis
1274 729 1429 784 quibus
1458 729 1596 771 voluit
1624 730 1864 772 faventibus

370 785 600 836 distribuit,
620 799 668 827 ac
688 786 933 841 homagium
954 799 979 827 a
999 786 1148 828 multis
1175 786 1306 828 libere
1335 786 1580 829 tenentibus
1600 787 1683 829 sibi
1710 787 1863 842 juratis

367 843 537 898 recepit.
581 843 669 886 Ubi
681 843 763 885 sibi
778 844 926 885 illatae⁴¹
941 847 1042 885 sunt
1057 844 1195 886 claves
1211 843 1263 885 de
1275 843 1503 899 Rothissay
1518 849 1561 886 et
1576 844 1628 886 de
1642 844 1864 900 Dunhyn,⁵

368 901 524 955 quibus
544 901 685 943 locum
700 905 893 943 tenentes
912 901 1004 956 per⁶
1015 914 1059 943 se
1079 905 1124 943 et
1143 901 1337 943 custodes
1357 902 1568 944 ordinavit
1587 902 1792 944 Thomam
1811 901 1863 945 de

367 958 548 1000 Wallor⁷
564 962 607 1000 et
626 959 847 1001 dominum
867 959 918 1001 de
939 958 1042 1010 Lile,
1055 959 1325 1001 vicecomites
1346 959 1398 1001 de
1418 959 1533 1000 Buth
1555 964 1598 1002 et
1613 959 1665 1002 de
1684 959 1863 1002 Touwel.

366 1016 604 1058 Dominum
624 1030 724 1059 vero
745 1016 1013 1059 Willelmum
1033 1016 1085 1058 de
1115 1016 1274 1058 Bullok
1304 1017 1579 1059 camerarium
1609 1031 1734 1059 suum
1764 1031 1864 1059 con-

367 1074 523 1125 stituit,
551 1074 693 1116 virum
722 1075 867 1130 magni
895 1074 1074 1124 consilii,
1103 1074 1323 1116 industriae
1352 1079 1395 1116 et
1423 1074 1675 1129 prudenciae,
1703 1075 1863 1130 presbi-

365 1135 528 1174 terum:
568 1132 638 1174 cui
672 1132 884 1174 commisit
914 1145 1059 1174 curam
1087 1135 1320 1174 castrorum
1350 1132 1496 1173 Sancti
1524 1131 1706 1174 Andreae
1736 1136 1780 1174 et
1809 1132 1861 1174 de

367 1189 522 1244 Cupro,
556 1193 600 1231 et
633 1189 811 1231 aliorum
842 1189 1076 1231 multorum
1114 1189 1292 1231 forcium
1330 1188 1527 1231 locorum.
1592 1189 1714 1232 Circa
1743 1189 1859 1231 idem

364 1260 464 1289 vero
485 1251 654 1302 tempus
669 1247 841 1301 juvenis
861 1247 1071 1289 Robertus
1091 1246 1281 1296 Stewart,
1300 1246 1419 1288 heres
1439 1246 1557 1301 regni
1575 1246 1623 1288 in
1637 1260 1737 1289 casu
1755 1260 1860 1302 prae-

364 1304 576 1360 assignato
587 1317 663 1359 per
676 1304 841 1346 talliam
856 1303 1302 1358 designatus‚—eciam
1318 1304 1454 1346 aetatis
1470 1307 1558 1346 erat
1572 1318 1631 1346 xv
1643 1318 1858 1355 annorum,

363 1362 475 1403 —ad
494 1361 579 1403 huc
597 1375 684 1416 prae
703 1361 853 1403 timore
872 1361 1141 1403 inimieorum
1160 1361 1206 1402 in
1225 1361 1381 1403 abditis
1400 1361 1573 1403 latitans
1593 1362 1639 1403 in
1658 1361 1859 1416 praedicto

363 1422 500 1461 castro
520 1419 572 1461 de
602 1418 823 1474 Rothsay,⁸
843 1432 1017 1474 magnas
1047 1418 1356 1460 consolaciones
1386 1422 1429 1460 et
1458 1419 1621 1461 crebras
1650 1419 1710 1461 et⁹
1728 1419 1858 1460 inter—

362 1476 601 1519 locuciones
641 1490 738 1518 cum
777 1476 942 1518 duobus
980 1476 1097 1530 pacis
1137 1476 1394 1518 amatoribus
1432 1476 1541 1531 regis
1586 1476 1741 1527 David,
1778 1477 1856 1518 vi2.

363 1535 393 1576 J
396 1534 562 1575 ohanne
583 1533 746 1576 Gibson
775 1537 818 1575 et
837 1533 1054 1575 Willelmo
1085 1534 1247 1583 Heriot‚
1267 1533 1313 1574 in
1342 1533 1515 1575 baronia
1543 1537 1646 1575 tunc
1675 1547 1856 1576 commo—

363 1592 583 1643 rantibus3
616 1591 692 1645 qui
720 1591 894 1632 modum
924 1604 1022 1633 eum
1051 1591 1165 1646 apud
1194 1594 1378 1632 castrum
1399 1590 1451 1632 de
1476 1591 1739 1642 Dunbertan,
1759 1604 1857 1633 cum

363 1649 490 1690 cartis
525 1649 577 1690 de
610 1648 889 1690 Stewartland
923 1661 1066 1690 secum
1100 1648 1276 1698 collatis,
1304 1648 1563 1691 transferre1⁰
1591 1648 1855 1691 invenerunt.

366 1707 421 1747 In
441 1719 525 1761 quo
546 1705 719 1760 quidem
740 1709 875 1747 castro
895 1705 1092 1748 dominus
1112 1706 1367 1748 Malcolmus
1386 1706 1593 1761 Flemyng
1612 1706 1856 1762 capitaneus

364 1768 464 1814 erat,
485 1764 561 1820 qui
590 1763 771 1805 eundem
801 1763 1033 1805 Robertum
1061 1767 1276 1819 gratanter
1295 1766 1338 1805 et
1365 1763 1596 1819 gaudenter
1614 1763 1857 1819 receptavit,

364 1825 408 1864 et
428 1835 538 1864 nova
556 1820 743 1876 graciora
763 1821 1024 1878 expectando
1044 1821 1301 1864 confovebat.

355 2003 569 2059 §equitat
584 2004 632 2048 he
646 2003 847 2048 ohzihioss
862 2004 993 2048 caztti
1007 2004 1062 2114 δὲ
1070 2002 1354 2057 ἓοεὴῑευίηέἳ
1367 2016 1457 2048 mm
1475 2003 1581 2048 aliis
1592 2003 1851 2048 intihmciia.

1063 2103 1071 2112 .
1093 2083 1185 2114 xxx.

356 2147 596 2211 „HNNO
617 2161 794 2204 Domini
820 2170 873 2203 Μο
885 2169 973 2204 ccc⁰
987 2175 1107 2203 xxxv
1136 2161 1332 2203 dominus
1358 2162 1388 2203 J
1391 2161 1575 2203 ohannes
1605 2160 1658 2203 de
1688 2160 1852 2203 Streve-

357 2223 473 2277 lyng,
492 2220 711 2275 Anglicus,
742 2233 840 2262 cum
871 2224 1128 2261 armatorum
1158 2219 1435 2261 multitudine
1461 2219 1639 2274 copiosa,
1668 2222 1851 2261 castrum

358 2281 410 2322 de
444 2277 709 2321 Lochlevin1²
736 2278 936 2319 obsessit:
984 2277 1096 2319 inter
1124 2290 1228 2331 quos
1258 2281 1377 2319 erant
1405 2276 1593 2319 Michael
1621 2276 1673 2318 de
1706 2276 1851 2324 Arnot,
1872 2279 1874 2281 ’

356 2336 499 2378 David
519 2336 571 2378 de
582 2335 758 2386 Wemis,
773 2335 976 2376 Ricardus
992 2335 1043 2377 de
1059 2333 1285 2390 Ma1vyn‚1⁸
1298 2334 1467 2384 milites,
1481 2348 1580 2376 cum
1594 2333 1740 2375 multis
1756 2331 1849 2374 aliis

357 2395 411 2436 ad
429 2408 577 2449 pacem
602 2393 712 2448 regis
731 2393 899 2447 Angliae
919 2392 1175 2447 compulsis;
1215 2392 1262 2434 in
1290 2396 1477 2447 tempore
1503 2389 1850 2446 quadragesimali

357 2452 467 2506 apud
509 2452 705 2506 Kynross
743 2450 885 2492 locum
924 2450 1035 2492 sedis
1064 2450 1291 2505 elegerunt,
1324 2450 1371 2491 in
1403 2450 1523 2504 cujus
1558 2461 1672 2491 sacro
1703 2450 1849 2488 sancto

356 2508 562 2551 cimiterio
590 2508 732 2550 locum
765 2507 1106 2558 fortificaverunt,
1136 2511 1180 2549 et
1207 2507 1375 2562 glebis¹4
1403 2511 1606 2560 terraeque
1635 2507 1848 2546 murantes

356 2567 643 2615 firmaverunt,
663 2568 706 2606 et
724 2564 834 2619 palis
855 2560 1241 2607 circumdederunt:
1283 2569 1326 2606 et
1341 2564 1413 2615 sic,
1431 2565 1573 2605 Deum
1600 2574 1686 2617 prae
1715 2561 1847 2603 oculis

356 2637 443 2666 non
482 2622 698 2672 habentes,
728 2627 932 2676 tanquam
966 2622 1158 2677 sacrilegi
1191 2622 1386 2664 divinum
1419 2618 1772 2676 parvipendentes
1806 2622 1849 2660 et

417 2747 430 2768 ¹
448 2748 486 2780 B.
505 2745 655 2779 secessit.
705 2744 742 2778 C.
762 2745 803 2778 D.
822 2745 862 2778 E.
881 2744 1035 2778 necessit.
1437 2741 1451 2763 ²
1467 2743 1502 2777 O.
1521 2742 1693 2785 plebebat.

417 2793 431 2815 ³
447 2795 489 2827 D.
508 2792 693 2825 Ramfrew.
881 2790 895 2811 ⁴
912 2791 950 2824 B.
969 2791 1006 2824 O.
1025 2791 1067 2825 D.
1086 2791 1125 2824 E.
1144 2791 1268 2824 allatae.
1428 2787 1443 2810 ⁵
1459 2790 1495 2823 C.
1514 2790 1553 2823 E.
1572 2789 1736 2822 Dunhun.

417 2840 432 2862 ⁶
449 2841 487 2874 B.
506 2840 543 2873 O.
564 2839 603 2872 Ε.
622 2849 695 2881 pro,
884 2835 898 2858 ⁷
915 2837 951 2870 C.
969 2837 1009 2870 E.
1026 2837 1170 2870 Wollor.
1430 2834 1445 2857 ⁸
1460 2836 1497 2869 C.
1519 2836 1561 2868 D.
1579 2836 1618 2869 E.
1638 2836 1766 2879 Rosay.

418 2886 432 2909 ⁹
450 2888 487 2921 C.
505 2887 546 2920 Ε.
564 2887 644 2919 omit
660 2887 706 2918 et.
875 2882 904 2904 ¹⁰
920 2884 958 2917 B.
977 2884 1217 2917 transferrent.
1268 2883 1304 2917 O.
1320 2883 1359 2916 Ε.
1378 2883 1612 2916 transferrem.

402 2934 429 2957 ¹¹
446 2935 489 2967 D.
508 2933 633 2966 altered
650 2933 735 2965 later
751 2935 783 2964 ιο
800 2930 986 2963 obsidione.
1420 2927 1449 2950 ¹²
1464 2929 1507 2963 D.
1528 2929 1765 2972 Louchlevyn.

403 2981 432 3004 ¹³
448 2981 483 3014 C.
503 2981 542 3013 Ε.
561 2978 708 3013 Malvill.
1417 2975 1444 2997 ¹4
1461 2976 1497 3010 O.
1515 2975 1553 3010 Ε.
1572 2976 1691 3019 plebis.
