1982 3360
718 341 845 373 LIBER
865 341 1087 374 SEPTIMUS.
1607 337 1657 375 81

149 447 218 489 Ex
248 461 334 503 quo
372 450 491 503 patet
525 446 640 503 quod
668 447 968 503 antiquissima
997 447 1219 490 Scotorum
1253 446 1375 490 nacio
1414 461 1441 490 a
1478 447 1662 492 duobus¹

147 505 426 548 nobilissimis
445 506 597 548 mundi
615 506 856 561 regionibus
872 506 1166 561 principaliter
1180 505 1343 548 exorta²
1355 509 1431 558 est,
1444 520 1551 562 quae,
1563 521 1663 550 cum

147 563 237 606 suis
256 565 438 620 propriis
459 568 502 606 et
521 564 786 606 naturalibus
806 564 975 620 regibus
995 564 1196 606 continue
1214 541 1513 619 permanendo,
1533 565 1662 607 fidem

148 625 193 664 et
222 623 512 665 obedienciam
542 623 634 665 sine
662 622 901 664 variacione
930 622 1127 673 servavit,
1147 626 1191 664 et
1219 636 1295 678 per
1314 636 1448 666 annos
1478 623 1564 666 fere
1594 624 1661 666 bis

146 679 277 732 mille,
298 676 458 736 absque
488 680 767 746 subjeccionis
797 680 1002 722 servitute
1031 680 1237 736 cujusque
1265 681 1571 736 imperatorum
1590 682 1662 724 vel

145 751 305 793 regum,
325 738 508 781 fideliter
539 738 587 780 in
621 752 699 781 sua
731 738 918 780 naturali
938 738 1184 781 obediencia
1203 739 1523 795 contin[u]avit,
1546 740 1661 795 quod

146 810 417 852 nequaquam
440 796 511 839 vel
539 810 632 838 raro
661 797 708 838 in
738 795 1013 851 quibusdam³
1032 796 1127 838 31115
1157 796 1398 852 regionibus
1428 798 1659 840 invenitur.

145 853 204 895 Et
223 868 322 897 cum
350 855 431 897 hoc
451 854 503 896 de
522 854 789 896 nobilissima
809 854 1053 896 Graecorum
1072 854 1302 909 provincia,
1322 855 1401 898 viz.
1422 855 1660 898 Athenien-

146 911 270 963 sium,
289 912 493 967 praedicta
512 911 651 954 nacio4
671 926 726 954 ex
746 915 867 977 parte
886 911 970 953 viri
989 912 1166 954 inicium
1188 912 1350 964 habuit,
1362 914 1439 955 ubi
1457 914 1595 969 primo
1616 918 1661 957 et

144 970 438 1025 principaliter
457 970 594 1012 tocius
614 969 808 1011 scienciae
822 969 1057 1011 naturalis
1045 970 1242 1012 mvencio
1254 970 1423 1013 habuit⁵
1436 972 1659 1014 exordium

145 1027 206 1069 et⁶
224 1028 419 1082 sumpsit,
441 1031 485 1070 et
504 1028 540 1069 F
540 1041 731 1077 oroneus
753 1027 997 1069 Graecorum
1015 1041 1103 1078 rex,
1122 1027 1332 1071 humanas
1354 1029 1468 1084 leges
1495 1030 1659 1085 primus

143 1085 347 1127 Romanis
362 1085 550 1127 tradidit.
599 1085 654 1127 In
673 1085 850 1140 AEgipto
869 1084 987 1127 vero⁷
999 1085 1137 1140 primo
1153 1089 1196 1128 et
1210 1087 1514 1142 principaliter,
1532 1102 1660 1144 supra

146 1143 290 1185 omnia
303 1157 438 1209 regna·
445 1143 609 1194 mundi,
622 1143 806 1185 sciencia
819 1143 1088 1185 astronomiae
1101 1157 1176 1198 per
1188 1144 1491 1187 excellenciam
1503 1146 1658 1189 floruit.

142 1200 357 1244 Dominus
377 1201 511 1244 eciam
533 1202 653 1244 Deus
676 1205 719 1243 et
739 1202 868 1243 Pater
886 1201 1171 1256 Omnipotens
1200 1202 1363 1244 Filium
1379 1216 1508 1245 suum
1528 1204 1658 1247 dilec-

140 1261 247 1310 tum,
262 1259 499 1301 Dominum
519 1263 713 1302 nostrum
732 1260 762 1302 J
765 1258 916 1301 hesum
938 1258 1170 1310 Christum,
1190 1259 1243 1301 ob
1264 1261 1477 1303 saeviciam
1497 1261 1658 1304 tiranni

142 1317 337 1369 Herodis,
337 1322 521 1384 ‘propter
538 1317 810 1360 securitatem
829 1317 877 1359 in
891 1315 1135 1384 AEgiptum⁸
1146 1318 1383 1361 transmisit
1404 1333 1503 1362 cum
1518 1320 1659 1362 Maria

142 1379 278 1418 matre
308 1376 410 1431 ejus,
432 1376 548 1431 quod
575 1390 663 1418 non
691 1376 862 1418 fecisset
891 1375 976 1418 nisi
1004 1376 1219 1431 regionem
1239 1376 1469 1419 dilexisset
1531 1378 1659 1420 Unde

141 1446 288 1476 omnes
309 1434 461 1476 famosi
480 1433 682 1485 doctores,
704 1433 917 1489 sapientes
938 1434 1216 1490 cronographi
1236 1434 1298 1477 et⁹
1317 1439 1485 1478 autores
1506 1439 1658 1478 tenent

142 1491 258 1546 quod
278 1492 476 1535 Graecia10
496 1495 562 1535 est
582 1491 705 1547 quasi
724 1492 906 1534 aliorum
925 1506 1151 1558 regnorum
1171 1492 1354 1546 domina,
1376 1493 1658 1536 scienciarum

141 1549 370 1602 inventrix,
404 1564 572 1592 morum
603 1555 647 1592 et
679 1550 892 1592 virtutum
921 1550 1102 1592 inicium
1129 1550 1209 1606 [et]
1230 1551 1389 1603 nutrix,
1409 1552 1580 1594 miliciae
1614 1557 1658 1595 et

142 1620 355 1650 armorum
383 1608 460 1651 flos
490 1613 534 1651 et
568 1608 780 1659 directrix,
810 1609 932 1674 cujus
965 1622 1070 1664 gens
1103 1608 1455 1664 ingeniosissima,
1489 1610 1538 1652 in
1566 1614 1657 1653 arte

141 1665 330 1708 bellandi
359 1666 662 1718 strenuissima,
683 1642 805 1709 (101115
836 1666 1061 1722 sapienciae
1080 1667 1270 1722 praedita,
1289 1681 1481 1710 sermone
1501 1668 1657 1711 doctis-

142 1723 253 1765 sima
272 1737 321 1766 ac
342 1700 737 1780 eloquentissinia,
724 1738 772 1766 111
800 1724 967 1780 legibus
995 1724 1197 1780 praeclara
1217 1730 1260 1767 et
1280 1725 1441 1768 eisdem
1471 1727 1656 1778 subdita,

142 1781 253 1823 circa
287 1786 508 1825 extraneos
542 1783 780 1825 misericors
810 1786 854 1825 et
883 1782 966 1837 pia,
996 1782 1108 1824 circa
1136 1782 1298 1825 incolas
1326 1784 1514 1838 pacifica,
1544 1785 1657 1827 circa

141 1838 395 1882 domesticos
430 1841 588 1896 quieta,
621 1841 778 1883 vicinis
816 1840 1014 1896 benignis
1045 1840 1246 1896 graciosa,
1280 1845 1427 1883 contra
1465 1841 1657 1884 hostium

139 1897 352 1940 insidias¹¹
363 1898 696 1950 beHicosissima,
712 1902 762 1940 ut
775 1898 914 1954 primo
928 1901 1048 1954 patet
1060 1898 1113 1941 de
1130 1898 1455 1942 destruccione¹2
1467 1899 1656 1943 civitatis

140 1954 355 2011 Trojanae3
384 1957 570 1999 secundo
605 1956 658 1999 de
697 1956 942 1999 Alexandro
982 1956 1142 2012 Magno
1182 1962 1471 2012 conquaestore
1483 1973 1494 2011 ;
1524 1959 1656 2001 tercio

140 2012 194 2056 de
234 2014 515 2057 Constantino
555 2015 726 2070 Magno,
763 2013 1016 2057 Christianae
1054 2014 1273 2080 religionis
1313 2020 1632 2071 augmentator-e
1643 2032 1656 2070 ;

141 2075 291 2126 quarto
304 2072 356 2114 de
369 2072 604 2124 Aristotile,
606 2072 638 2098 ¹⁸
650 2072 1001 2128 philosophorum
1013 2072 1206 2128 principe
1219 2076 1262 2115 et
1275 2073 1525 2116 clericorum
1536 2074 1656 2127 fiore;

139 2128 291 2194 quinto
321 2129 373 2172 de
401 2130 695 2173 robustissimo
726 2130 925 2181 Hercule,
954 2131 1031 2186 qui
1060 2130 1346 2186 0011111131113514
1366 2130 1528 2174 aereas¹⁵
1557 2132 1655 2175 fixit

140 2186 188 2228 in
218 2186 326 2229 mari
355 2187 516 2231 Gadico
547 2188 595 2230 in
626 2188 959 2231 occidentalibus
986 2188 1139 2230 mundi
1158 2188 1327 2239 finibus,
1348 2194 1391 2231 et
1425 2190 1517 2245 ejus
1546 2190 1655 2232 mira

138 2244 400 2296 fortitudine,
424 2246 549 2301 quod,
577 2246 680 2289 licet
698 2250 910 2301 postremo
930 2246 1143 2297 recitatur,
1162 2246 1299 2301 primo
1319 2250 1465 2290 tamen
1485 2248 1653 2291 debuis-

139 2302 239 2345 set¹⁰
257 2303 436 2354 recitari,
456 2317 583 2346 causa
602 2304 872 2359 antiquitatis
891 2303 995 2346 licet
1014 2317 1101 2345 11011
1121 2303 1371 2347 nobilitatis.
1374 2304 1408 2333 ¹⁷

202 2435 216 2459 ¹
233 2438 270 2472 C.
290 2438 330 2471 E.
349 2437 496 2471 duabus.
1172 2435 1188 2459 ²
1203 2437 1243 2471 E.
1262 2441 1369 2472 eorta.

200 2483 216 2506 ³
232 2485 270 2518 B.
290 2485 326 2518 C.
345 2485 620 2528 quibuscunque.
669 2484 709 2517 E.
727 2484 992 2528 quibuscunque
1008 2484 1056 2518 in.

201 2529 216 2553 4
232 2532 270 2565 O.
287 2533 382 2565 nato.
524 2530 540 2553 ⁶
556 2532 595 2565 B.
614 2532 650 2566 C.
670 2531 712 2564 D.
730 2532 770 2565 E.
788 2532 868 2564 omit
880 2531 1016 2565 habuit.
1172 2530 1187 2553 ⁶
1203 2532 1240 2566 O.
1259 2533 1303 2566 D.
1321 2533 1361 2566 Ε.
1380 2536 1460 2567 omit
1477 2537 1524 2568 et.

200 2577 215 2601 ⁷
233 2579 270 2612 O.
288 2579 327 2612 E.
345 2580 427 2612 omit
443 2589 535 2612 vero.
657 2577 672 2601 ⁸
688 2579 727 2612 Β.
744 2590 889 2622 1031111111
905 2578 1048 2623 OEgipti.
1167 2576 1184 2600 ⁹
1199 2580 1240 2612 E.
1258 2591 1308 2613 ac.

186 2624 215 2648 ¹⁰
230 2626 268 2660 O.
286 2626 327 2659 E.
345 2626 525 2666 Graeciam,
546 2626 618 2660 and
633 2627 714 2660 omit
730 2629 795 2661 est.
1152 2624 1181 2647 ¹¹
1198 2627 1235 2660 O.
1255 2627 1297 2660 D.
1317 2627 1476 2662 incidias.

186 2671 215 2694 ¹²
229 2674 490 2707 construccione
507 2674 635 2707 altered
652 2674 737 2706 later
752 2678 785 2706 to
801 2672 1051 2707 destruccione.
1099 2673 1142 2707 D.
1156 2673 1412 2708 destruxcione.

185 2718 215 2741 ¹³
231 2720 272 2753 D.
290 2720 492 2754 Aristotele.
637 2719 666 2742 ¹4
682 2720 719 2754 C.
737 2720 949 2762 calumpnas.
1150 2719 1179 2742 ¹⁵
1196 2722 1236 2754 E.
1250 2732 1376 2755 oeneas.

186 2765 215 2788 ¹⁰
231 2767 268 2801 O.
286 2768 325 2801 Ε.
344 2768 516 2802 debuisse.
635 2766 664 2790 ¹⁷
680 2768 720 2801 Β.
738 2767 981 2801 notabilitatis.
