2014 3354
751 330 878 362 LIBER
897 322 1626 361 388183.1
1636 321 1655 360 1

119 487 123 491 ,
159 439 261 480 sunt
279 435 415 488 valde,
434 439 479 479 et
507 449 653 479 omnes
672 435 792 503 18881
812 434 968 479 Scociae
986 446 1178 490 proceres
1209 436 1253 476 et
1281 432 1357 476 alii
1375 431 1541 490 gentes¹
1561 446 1660 476 cum

157 494 525 548 11113;1,1111881881,
544 495 659 537 enim
673 508 727 536 ne
743 494 834 549 ejus
848 492 1115 536 familiaritas
1130 491 1274 543 nimia,
1288 505 1385 547 quae
1404 491 1659 534 multociens

156 529 279 608 parat
308 556 612 619 contemptum,
645 553 707 595 eis
735 551 1032 608 praeiudicium
1049 553 1267 607 generaret
1299 554 1344 592 et
1375 549 1659 606 opprobrium.

159 611 367 666 Quodque
386 611 504 653 omni
532 609 728 666 diligenti
759 610 901 652 studio
929 622 1164 665 praecavere
1193 610 1405 659 conantes,
1433 610 1532 663 post
1560 621 1660 650 cum

155 668 414 724 legacionem
441 668 660 719 miserunt,
689 668 888 719 dicentes,
921 667 1135 710 Nolumus
1168 666 1284 708 hunc
1321 679 1495 722 regnare
1533 679 1661 720 super

156 739 244 770 nos.
286 726 513 782 Propterea
526 738 717 769 reversus
732 726 787 768 ab
802 726 992 768 exercitu
1006 725 1243 768 Tholosano
1265 724 1457 767 Scociam
1470 723 1661 774 veniens,

155 787 329 840 propter
347 785 535 827 diversas
564 797 787 826 causarum
807 782 1059 839 8818888183,
1079 783 1308 825 autoritate
1327 782 1442 839 regia
1460 781 1659 848 praelatos

151 843 278 898 jubet
291 847 336 886 81,
346 855 537 898 proceres
552 841 667 897 apud
678 840 810 884 Perth
822 842 1058 884 convenire.
1104 841 1340 884 Concitatis
1354 841 1527 883 interim
1538 839 1658 895 18881

155 901 385 956 majoribus
404 914 480 942 sex
498 900 577 942 viz.
599 899 786 950 comites,
806 899 1092 941 Ferchardum
1111 912 1142 941 3.
1164 898 1336 942 80181182
1354 899 1407 941 (18
1436 898 1660 941 Strathern

154 962 200 1001 et
219 958 295 1001 8111
313 957 514 1014 quinque,
533 956 734 1000 adversus
762 970 915 1012 regem,
934 970 1022 999 non
1049 957 1201 1012 utique
1228 970 1305 1012 pro
1335 956 1554 1000 commodo
1581 968 1659 999 3110

154 1015 359 1072 singulm-i
377 1016 448 1059 vel
465 1014 702 1071 prodiciosa
721 1015 1048 1082 conspiracione,
1068 1015 1143 1057 sed
1162 1028 1238 1070 pro
1258 1014 1448 1057 utilitate
1466 1014 1529 1057 rei
1548 1014 1658 1069 pub-

154 1074 249 1117 11888
277 1077 320 1117 et
347 1073 666 1130 privilegiorum
691 1073 812 1129 188111
840 1072 1039 1125 tuicione,
1069 1073 1284 1123 commoti,
1303 1073 1446 1127 ipsum
1475 1077 1659 1115 arestare

154 1132 354 1174 nituntur
365 1135 408 1174 et
419 1144 578 1187 capere,
593 1144 721 1187 quem
740 1130 871 1173 intra⁸
882 1131 1035 1173 turrim
1055 1130 1246 1186 ejusdem
1258 1130 1375 1172 villae
1390 1130 1658 1173 obsederunt.

155 1190 329 1233 Cassato
347 1193 493 1232 tamen
510 1203 587 1245 pro
614 1193 719 1231 tunc
748 1202 894 1232 eorum
923 1191 1090 1240 conatu,
1110 1203 1196 1231 non
1215 1188 1365 1231 multis
1385 1188 1658 1244 postmodum

152 1247 304 1291 diebus
333 1247 528 1299 evolutis,
546 1247 930 1290 intervenientibus
960 1246 1072 1290 clero
1102 1260 1200 1290 cum
1229 1247 1325 1289 81113
1346 1247 1483 1303 regni*
1502 1247 1658 1289 obtim-

153 1306 307 1357 atibus,
337 1306 392 1349 ad
425 1305 692 1349 concordiam
719 1309 952 1357 revocatus,
982 1308 1129 1348 contra
1157 1305 1365 1361 quosdam
1393 1304 1570 1347 rebelles
1609 1304 1658 1347 in

154 1364 409 1407 Galwidiam
436 1364 624 1420 perrexit
656 1367 722 1407 ter
750 1364 898 1407 eodem
931 1377 1071 1416 anno3
1102 1363 1277 1406 tandem
1311 1363 1520 1419 superatis
1539 1361 1657 1418 ipsis,

153 1422 344 1474 devictis,
379 1421 675 1466 confoederatis
713 1427 757 1465 et
785 1422 999 1478 subjectis,
1027 1422 1075 1464 in
1112 1435 1216 1489 pace
1255 1421 1347 1464 3188
1385 1421 1530 1476 aliquo
1569 1421 1656 1463 dis-

151 1481 308 1548 pendio
327 1493 500 1523 suorum
519 1479 747 1533 remeavit3
776 1493 884 1535 quos
903 1479 1177 1536 postmodum
1196 1479 1258 1522 ita
1272 1480 1484 1535 subjectos
1503 1479 1658 1530 tenuit,

153 1542 198 1582 et
233 1539 281 1581 18
309 1539 459 1582 chamo
488 1542 532 1582 et
560 1539 678 1581 freno
707 1539 906 1581 1118811183
935 1551 1082 1581 eorum
1111 1537 1377 1589 constrinxit,
1406 1540 1457 1579 ut
1483 1536 1656 1593 regulus

152 1608 309 1649 eorum,
322 1597 547 1653 Fergusius
567 1596 751 1648 nomine,
770 1597 870 1639 dato
888 1596 978 1638 filio
998 1610 1081 1639 suo.
1094 1599 1138 1639 et
1156 1595 1309 1639 herede
1328 1596 1416 1652 regi
1434 1595 1489 1637 ad
1504 1595 1656 1651 guber-

150 1655 340 1698 nandum
375 1659 419 1698 et
449 1654 710 1711 regendum,⁵
738 1654 996 1697 militaribus
1025 1654 1280 1698 renuncians
1309 1654 1519 1710 insigniis,
1539 1653 1656 1709 apud

150 1713 455 1756 monasterium
485 1714 651 1756 Sanctae
686 1713 833 1756 Crucis
863 1713 916 1755 de
942 1712 1193 1768 Edinburgh
1224 1713 1452 1755 canonicus
1480 1712 1656 1754 effectus

149 1775 225 1814 est.
284 1771 385 1814 Η113
413 1772 573 1814 itadem
593 1770 761 1814 diebus⁶
779 1784 867 1822 rex,
885 1771 1063 1814 consilio
1082 1771 1291 1826 majorum
1309 1770 1430 1826 regni
1457 1770 1537 1820 sui,
1556 1783 1655 1812 suas

150 1842 310 1872 sorores
348 1842 380 1872 s.
419 1830 704 1885 Margaretam
742 1833 871 1885 atque
900 1829 1052 1880 Adam,
1052 1827 1069 1855 ⁷
1098 1829 1198 1871 duci
1237 1828 1440 1871 Britaniae
1479 1828 1656 1871 Conano

148 1887 443 1943 Margaretam,
443 1887 513 1930 ⁸et
525 1887 667 1930 Adam
682 1887 829 1931 comiti
842 1887 1069 1930 Ηο188(1188
1079 1886 1309 1938 Florencio,
1323 1886 1368 1928 in
1383 1885 1654 1928 matrimonio

146 1946 335 1989 tradidit.
397 1946 562 1998 Quibus
583 1946 718 1989 eciam
736 1945 999 2002 temporibus
1028 1946 1142 1988 inter
1168 1958 1308 2000 regem
1335 1945 1592 1987 Francorum
1612 1947 1656 1986 81,

147 2016 288 2060 188818
307 2003 477 2060 Α881188
495 2018 581 2060 1188
600 2005 825 2047 reformata
844 2007 933 2057 831,;
960 2017 1037 2071 pro
1058 2004 1180 2059 cujus
1201 2003 1427 2046 securitate
1448 2001 1655 2045 servanda

147 2075 223 2104 rex
256 2062 512 2105 Francorum
550 2062 791 2105 Ludovicus
825 2062 914 2104 filio
947 2062 1058 2117 regis
1091 2061 1328 2117 Anglorum
1361 2059 1654 2116 primogenito,

149 2119 340 2162 nondum
368 2120 507 2163 adhuc
538 2119 771 2172 sexennio?
798 2120 933 2162 filiam
967 2133 1089 2163 suam
1122 2120 1198 2162 vix
1231 2119 1449 2162 bienniam
1476 2117 1657 2161 tradidit

148 2190 334 2220 uxorem.
403 2178 564 2221 Eodem
596 2182 785 2234 tempore
815 2179 863 2220 18
897 2177 1145 2234 Burgundia
1178 2177 1278 2220 talis
1307 2179 1569 2219 terraemotus
1601 2176 1654 2219 de

148 2235 306 2278 nocte¹⁰
325 2236 479 2278 accidit
498 2235 581 2278 ut¹²
600 2236 738 2279 multa
767 2236 944 2279 aedificia
963 2237 1011 2278 in
1029 2236 1197 2278 ruinam
1232 2235 1485 2278 ceciderunt.
1551 2234 1652 2277 Η113

149 2293 284 2336 881881
321 2293 618 2349 temporibus¹²
647 2294 761 2337 facta
791 2298 857 2337 est
896 2294 1107 2337 discordia
1139 2293 1253 2336 inter
1281 2292 1516 2336 cardinales
1553 2296 1654 2347 post

147 2355 329 2394 mortem
356 2352 538 2394 Adriani
565 2365 698 2407 papae,
725 2359 802 2408 per
829 2352 945 2407 quod
972 2365 1176 2408 magnum
1203 2351 1252 2393 in
1280 2350 1457 2394 ecclesia
1492 2349 1654 2393 Christi

147 2409 302 2452 scisma
317 2409 545 2453 exortum¹³
560 2414 624 2453 831
632 2426 643 2463 ;
661 2409 741 2452 et14
753 2414 840 2453 tres
855 2410 1126 2461 scismaticos,
1140 2409 1419 2466 instigacione
1434 2408 1653 2451 diabolicae

146 2468 309 2511 fraudis
330 2468 497 2519 electos,
515 2468 759 2511 Alexander
785 2481 908 2524 papa,
927 2471 1033 2511 tunc
1061 2468 1262 2511 canonice
1290 2467 1463 2518 8188183,
1483 2480 1651 2510 excom-

148 2526 387 2570 municatos
425 2526 659 2583 apostolica
687 2527 928 2579 autoritate,
957 2526 1012 2569 ab
1041 2525 1219 2569 ecclesia
1251 2525 1337 2568 Dei
1369 2524 1544 2568 omnino
1578 2538 1651 2568 ex-

145 2584 290 2640 pulsit.

211 2702 224 2724 ¹
241 2703 277 2737 C.
296 2703 336 2736 Ε.
354 2705 435 2736 omit
450 2705 583 2748 gentes.
771 2702 786 2725 ²
801 2703 838 2737 O.
856 2703 899 2736 D.
917 2703 956 2737 E.
975 2702 1149 2737 comitem.
1199 2702 1238 2737 B.
1257 2713 1339 2735 cum
1355 2702 1492 2736 comite.

209 2749 224 2772 ³
240 2750 277 2784 C.
296 2749 397 2783 infra.
631 2748 646 2772 ⁴
662 2750 699 2785 O.
717 2751 757 2790 E.
775 2752 855 2784 omit
871 2749 979 2794 regni.
1154 2748 1170 2772 ⁵
1185 2750 1223 2784 O.
1241 2750 1280 2784 E.
1299 2751 1380 2782 omit
1394 2752 1432 2783 et
1448 2748 1648 2793 regendum.

210 2795 226 2818 ⁶
242 2797 280 2831 O.
297 2797 336 2831 Ε.
357 2796 437 2831 Η113
452 2796 537 2831 item
553 2797 779 2841 temporibus.
828 2797 868 2832 Β.
889 2797 931 2832 D.
949 2796 1085 2832 itidem.
1200 2795 1215 2819 ⁷
1231 2797 1271 2830 Ε.
1290 2798 1387 2830 omits
1401 2799 1508 2840 atque
1523 2796 1650 2830 Adam.

209 2842 225 2865 ⁸
240 2844 276 2878 C.
295 2844 334 2878 Ε.
353 2846 433 2878 omit
448 2845 694 2889 Margaretam.
773 2843 789 2866 ⁹
806 2845 844 2879 C.
862 2845 902 2878 E.
921 2847 1099 2888 septenne.
1182 2842 1212 2865 ¹⁰
1227 2844 1267 2877 Ε.
1285 2845 1383 2878 omia
1397 2844 1441 2878 de
1458 2846 1571 2877 nocte.

196 2890 225 2913 ¹¹
241 2891 277 2925 C.
295 2892 334 2925 Ε.
353 2891 456 2935 quod.
762 2890 790 2914 ²2
807 2892 843 2926 O.
861 2892 902 2926 E.
921 2891 997 2932 Quo
1013 2892 1120 2926 etiam
1136 2893 1301 2936 tempore.

196 2937 224 2960 1³
240 2939 278 2973 O.
294 2938 334 2973 E.
350 2941 478 2973 ortum.
764 2937 793 2961 ¹⁴¹
809 2940 847 2974 G.
865 2939 904 2973 E.
923 2941 974 2972 ut.
