<?xml version="1.0" encoding="UTF-8"?>
<!DOCTYPE html PUBLIC "-//W3C//DTD XHTML 1.0 Transitional//EN"
    "http://www.w3.org/TR/xhtml1/DTD/xhtml1-transitional.dtd">
<html xmlns="http://www.w3.org/1999/xhtml" xml:lang="en" lang="en">
 <head>
  <title>
</title>
<meta http-equiv="Content-Type" content="text/html;charset=utf-8" />
  <meta name='ocr-system' content='tesseract 3.04.00' />
  <meta name='ocr-capabilities' content='ocr_page ocr_carea ocr_par ocr_line ocrx_word'/>
</head>
<body>
  <div class='ocr_page' id='page_1' title='image "./liberpluscardens07plusuoft/liberpluscardens07plusuoft_0344.png"; bbox 0 0 2008 3360; ppageno 0'>
   <div class='ocr_carea' id='block_1_1' title="bbox 171 896 345 927">
    <p class='ocr_par' dir='ltr' id='par_1_1' title="bbox 171 896 345 927">
     <span class='ocr_line' id='line_1_1' title="bbox 171 896 345 927; baseline -0.006 0"><span class='ocrx_word' id='word_1_1' title='bbox 171 903 240 927; x_wconf 65' lang='lat' dir='ltr'>A.D.</span> <span class='ocrx_word' id='word_1_2' title='bbox 259 896 345 927; x_wconf 83' lang='lat'>1346.</span> 
     </span>
    </p>
   </div>
   <div class='ocr_carea' id='block_1_2' title="bbox 374 326 1375 366">
    <p class='ocr_par' dir='ltr' id='par_1_2' title="bbox 374 326 1375 366">
     <span class='ocr_line' id='line_1_2' title="bbox 374 326 1375 366; baseline -0.001 0"><span class='ocrx_word' id='word_1_3' title='bbox 374 326 453 366; x_wconf 84' lang='lat'><strong>292</strong></span> <span class='ocrx_word' id='word_1_4' title='bbox 871 334 998 365; x_wconf 71' lang='lat' dir='ltr'><strong>mmm</strong></span> <span class='ocrx_word' id='word_1_5' title='bbox 1018 332 1375 365; x_wconf 66' lang='lat' dir='ltr'><strong>Pmscannsnffls.</strong></span> 
     </span>
    </p>
   </div>
   <div class='ocr_carea' id='block_1_3' title="bbox 375 436 1879 553">
    <p class='ocr_par' dir='ltr' id='par_1_3' title="bbox 375 436 1879 553">
     <span class='ocr_line' id='line_1_3' title="bbox 375 436 1879 496; baseline 0 -13"><span class='ocrx_word' id='word_1_6' title='bbox 375 439 569 483; x_wconf 85' lang='lat' dir='ltr'><strong>volatilia</strong></span> <span class='ocrx_word' id='word_1_7' title='bbox 583 442 769 495; x_wconf 86' lang='lat' dir='ltr'><strong>pennata</strong></span> <span class='ocrx_word' id='word_1_8' title='bbox 788 438 1020 480; x_wconf 81' lang='lat' dir='ltr'><strong>domestica</strong></span> <span class='ocrx_word' id='word_1_9' title='bbox 1046 436 1314 488; x_wconf 86' lang='lat' dir='ltr'><strong>manducare,</strong></span> <span class='ocrx_word' id='word_1_10' title='bbox 1343 437 1445 493; x_wconf 88' lang='lat' dir='ltr'><strong>quia</strong></span> <span class='ocrx_word' id='word_1_11' title='bbox 1477 441 1681 494; x_wconf 85' lang='lat' dir='ltr'><strong>tanquam</strong></span> <span class='ocrx_word' id='word_1_12' title='bbox 1715 440 1879 496; x_wconf 87' lang='lat' dir='ltr'><strong>leprosa</strong></span> 
     </span>
     <span class='ocr_line' id='line_1_4' title="bbox 376 495 1281 553; baseline -0.003 -12"><span class='ocrx_word' id='word_1_13' title='bbox 376 511 453 553; x_wconf 92' lang='lat' dir='ltr'><strong>per</strong></span> <span class='ocrx_word' id='word_1_14' title='bbox 471 501 610 540; x_wconf 90' lang='lat' dir='ltr'><strong>totum</strong></span> <span class='ocrx_word' id='word_1_15' title='bbox 630 496 752 553; x_wconf 85' lang='lat' dir='ltr'><strong>quasi</strong></span> <span class='ocrx_word' id='word_1_16' title='bbox 770 509 947 551; x_wconf 88' lang='lat' dir='ltr'><strong>regnum</strong></span> <span class='ocrx_word' id='word_1_17' title='bbox 965 495 1281 551; x_wconf 87' lang='lat' dir='ltr'><strong>reputabantur.</strong></span> 
     </span>
    </p>
   </div>
   <div class='ocr_carea' id='block_1_4' title="bbox 382 700 1877 822">
    <p class='ocr_par' dir='ltr' id='par_1_4' title="bbox 382 700 1877 822">
     <span class='ocr_line' id='line_1_5' title="bbox 382 700 1877 760; baseline 0.001 -13"><span class='ocrx_word' id='word_1_18' title='bbox 382 702 597 758; x_wconf 63' lang='lat' dir='ltr'><strong>§mitta</strong></span> <span class='ocrx_word' id='word_1_19' title='bbox 615 701 663 746; x_wconf 76' lang='lat' dir='ltr'><strong>he</strong></span> <span class='ocrx_word' id='word_1_20' title='bbox 684 700 852 758; x_wconf 61' lang='lat' dir='ltr'><strong>extem,</strong></span> <span class='ocrx_word' id='word_1_21' title='bbox 875 715 967 747; x_wconf 70' lang='lat' dir='ltr'><strong>tum</strong></span> <span class='ocrx_word' id='word_1_22' title='bbox 987 700 1264 755; x_wconf 71' lang='lat' dir='ltr'><strong>incihmciiz;</strong></span> <span class='ocrx_word' id='word_1_23' title='bbox 1301 704 1343 749; x_wconf 66' lang='lat' dir='ltr'><strong>et</strong></span> <span class='ocrx_word' id='word_1_24' title='bbox 1371 704 1665 760; x_wconf 62' lang='lat' dir='ltr'><strong>mmmmm</strong></span> <span class='ocrx_word' id='word_1_25' title='bbox 1694 704 1742 749; x_wconf 73' lang='lat'><strong>1¹2</strong></span> <span class='ocrx_word' id='word_1_26' title='bbox 1767 704 1877 748; x_wconf 73' lang='lat' dir='ltr'><strong>hzllu</strong></span> 
     </span>
     <span class='ocr_line' id='line_1_6' title="bbox 564 767 1693 822; baseline 0.003 -9"><span class='ocrx_word' id='word_1_27' title='bbox 564 769 612 813; x_wconf 74' lang='lat' dir='ltr'><strong>he</strong></span> <span class='ocrx_word' id='word_1_28' title='bbox 632 767 795 822; x_wconf 58' lang='lat' dir='ltr'><strong>Butam</strong></span> <span class='ocrx_word' id='word_1_29' title='bbox 813 768 862 813; x_wconf 78' lang='lat' dir='ltr'><strong>in</strong></span> <span class='ocrx_word' id='word_1_30' title='bbox 882 767 1050 822; x_wconf 57' lang='lat' dir='ltr'><strong>§mnia</strong></span> <span class='ocrx_word' id='word_1_31' title='bbox 1073 771 1112 814; x_wconf 71' lang='lat' dir='ltr'><strong>et</strong></span> <span class='ocrx_word' id='word_1_32' title='bbox 1132 770 1181 814; x_wconf 71' lang='lat'><strong>112</strong></span> <span class='ocrx_word' id='word_1_33' title='bbox 1199 769 1353 815; x_wconf 63' lang='lat' dir='ltr'><strong>multis</strong></span> <span class='ocrx_word' id='word_1_34' title='bbox 1373 770 1619 816; x_wconf 54' lang='lat' dir='ltr'><strong>aliizff—Qt.</strong></span> <span class='ocrx_word' id='word_1_35' title='bbox 1637 770 1693 816; x_wconf 85' lang='lat' dir='ltr'><strong>xl.</strong></span> 
     </span>
    </p>
   </div>
   <div class='ocr_carea' id='block_1_5' title="bbox 376 868 1881 2726">
    <p class='ocr_par' dir='ltr' id='par_1_5' title="bbox 376 868 1881 2726">
     <span class='ocr_line' id='line_1_7' title="bbox 380 868 1878 941; baseline 0.001 -15"><span class='ocrx_word' id='word_1_36' title='bbox 380 868 535 934; x_wconf 56' lang='grc' dir='ltr'><strong>ΗΝ</strong></span> <span class='ocrx_word' id='word_1_37' title='bbox 536 885 579 926; x_wconf 84' lang='grc' dir='ltr'><strong>Ν</strong></span> <span class='ocrx_word' id='word_1_38' title='bbox 582 885 618 927; x_wconf 93' lang='grc' dir='ltr'>Ο</span> <span class='ocrx_word' id='word_1_39' title='bbox 639 885 817 927; x_wconf 90' lang='lat' dir='ltr'>Domini</span> <span class='ocrx_word' id='word_1_40' title='bbox 829 884 1073 927; x_wconf 84' lang='lat' dir='ltr'><strong>M⁰ccc⁰xlvi</strong></span> <span class='ocrx_word' id='word_1_41' title='bbox 1091 899 1166 928; x_wconf 81' lang='lat' dir='ltr'><strong>rex</strong></span> <span class='ocrx_word' id='word_1_42' title='bbox 1186 885 1384 936; x_wconf 74' lang='lat' dir='ltr'><strong>Franciae,</strong></span> <span class='ocrx_word' id='word_1_43' title='bbox 1399 885 1626 941; x_wconf 86' lang='lat' dir='ltr'>Philippus</span> <span class='ocrx_word' id='word_1_44' title='bbox 1639 885 1691 928; x_wconf 88' lang='lat' dir='ltr'><strong>de</strong></span> <span class='ocrx_word' id='word_1_45' title='bbox 1706 884 1878 941; x_wconf 86' lang='lat' dir='ltr'><strong>Valoys,</strong></span> 
     </span>
     <span class='ocr_line' id='line_1_8' title="bbox 380 942 1878 999; baseline 0.001 -15"><span class='ocrx_word' id='word_1_46' title='bbox 380 943 551 999; x_wconf 73' lang='lat' dir='ltr'><strong>scripsit</strong></span> <span class='ocrx_word' id='word_1_47' title='bbox 569 943 657 998; x_wconf 88' lang='lat' dir='ltr'><strong>regi</strong></span> <span class='ocrx_word' id='word_1_48' title='bbox 676 943 821 986; x_wconf 88' lang='lat' dir='ltr'><strong>David</strong></span> <span class='ocrx_word' id='word_1_49' title='bbox 840 942 887 985; x_wconf 90' lang='lat' dir='ltr'><strong>in</strong></span> <span class='ocrx_word' id='word_1_50' title='bbox 903 942 1123 994; x_wconf 80' lang='lat' dir='ltr'><strong>Scociam‚2</strong></span> <span class='ocrx_word' id='word_1_51' title='bbox 1133 943 1411 999; x_wconf 90' lang='lat' dir='ltr'><strong>supplicando</strong></span> <span class='ocrx_word' id='word_1_52' title='bbox 1427 944 1540 999; x_wconf 92' lang='lat' dir='ltr'><strong>quod</strong></span> <span class='ocrx_word' id='word_1_53' title='bbox 1554 944 1658 999; x_wconf 88' lang='lat' dir='ltr'><strong>ipse,</strong></span> <span class='ocrx_word' id='word_1_54' title='bbox 1673 947 1878 999; x_wconf 90' lang='lat' dir='ltr'><strong>tanquam</strong></span> 
     </span>
     <span class='ocr_line' id='line_1_9' title="bbox 378 1000 1878 1057; baseline -0.001 -14"><span class='ocrx_word' id='word_1_55' title='bbox 378 1002 470 1056; x_wconf 90' lang='lat' dir='ltr'><strong>ejus</strong></span> <span class='ocrx_word' id='word_1_56' title='bbox 509 1014 630 1043; x_wconf 85' lang='lat' dir='ltr'><strong>carus</strong></span> <span class='ocrx_word' id='word_1_57' title='bbox 669 1005 714 1043; x_wconf 89' lang='lat' dir='ltr'><strong>et</strong></span> <span class='ocrx_word' id='word_1_58' title='bbox 751 1000 1091 1043; x_wconf 87' lang='lat' dir='ltr'><strong>confoedderatus</strong></span> <span class='ocrx_word' id='word_1_59' title='bbox 1129 1001 1259 1043; x_wconf 86' lang='lat' dir='ltr'><strong>frater</strong></span> <span class='ocrx_word' id='word_1_60' title='bbox 1291 1005 1334 1043; x_wconf 91' lang='lat' dir='ltr'><strong>et</strong></span> <span class='ocrx_word' id='word_1_61' title='bbox 1362 1002 1535 1053; x_wconf 81' lang='lat' dir='ltr'><strong>amicus,</strong></span> <span class='ocrx_word' id='word_1_62' title='bbox 1564 1006 1710 1044; x_wconf 88' lang='lat' dir='ltr'><strong>contra</strong></span> <span class='ocrx_word' id='word_1_63' title='bbox 1738 1015 1878 1057; x_wconf 88' lang='lat' dir='ltr'><strong>regem</strong></span> 
     </span>
     <span class='ocr_line' id='line_1_10' title="bbox 378 1058 1877 1114; baseline 0 -13"><span class='ocrx_word' id='word_1_64' title='bbox 378 1058 546 1114; x_wconf 84' lang='lat' dir='ltr'><strong>Angliae</strong></span> <span class='ocrx_word' id='word_1_65' title='bbox 592 1072 786 1114; x_wconf 81' lang='lat' dir='ltr'>guerram</span> <span class='ocrx_word' id='word_1_66' title='bbox 834 1072 962 1114; x_wconf 92' lang='lat' dir='ltr'><strong>super</strong></span> <span class='ocrx_word' id='word_1_67' title='bbox 1009 1059 1216 1101; x_wconf 81' lang='lat' dir='ltr'><strong>marchias</strong></span> <span class='ocrx_word' id='word_1_68' title='bbox 1266 1059 1421 1102; x_wconf 86' lang='lat' dir='ltr'><strong>Scociae</strong></span> <span class='ocrx_word' id='word_1_69' title='bbox 1469 1060 1667 1102; x_wconf 87' lang='lat' dir='ltr'><strong>omnibus</strong></span> <span class='ocrx_word' id='word_1_70' title='bbox 1713 1060 1877 1102; x_wconf 88' lang='lat' dir='ltr'><strong>viribus</strong></span> 
     </span>
     <span class='ocr_line' id='line_1_11' title="bbox 377 1116 1878 1172; baseline -0.001 -13"><span class='ocrx_word' id='word_1_71' title='bbox 377 1119 588 1169; x_wconf 86' lang='lat' dir='ltr'><strong>moveret3</strong></span> <span class='ocrx_word' id='word_1_72' title='bbox 616 1116 718 1172; x_wconf 89' lang='lat' dir='ltr'><strong>quia</strong></span> <span class='ocrx_word' id='word_1_73' title='bbox 735 1116 906 1172; x_wconf 78' lang='lat' dir='ltr'><strong>ipsum,⁸</strong></span> <span class='ocrx_word' id='word_1_74' title='bbox 925 1119 1129 1171; x_wconf 85' lang='lat' dir='ltr'><strong>tanquam</strong></span> <span class='ocrx_word' id='word_1_75' title='bbox 1148 1130 1285 1168; x_wconf 90' lang='lat' dir='ltr'><strong>suum,</strong></span> <span class='ocrx_word' id='word_1_76' title='bbox 1304 1117 1351 1159; x_wconf 82' lang='lat' dir='ltr'><strong>in</strong></span> <span class='ocrx_word' id='word_1_77' title='bbox 1370 1117 1567 1160; x_wconf 88' lang='lat' dir='ltr'><strong>omnibus</strong></span> <span class='ocrx_word' id='word_1_78' title='bbox 1587 1117 1675 1159; x_wconf 80' lang='lat' dir='ltr'><strong>suis</strong></span> <span class='ocrx_word' id='word_1_79' title='bbox 1695 1117 1878 1160; x_wconf 87' lang='lat' dir='ltr'><strong>necessi-</strong></span> 
     </span>
     <span class='ocr_line' id='line_1_12' title="bbox 376 1173 1877 1229; baseline -0.001 -12"><span class='ocrx_word' id='word_1_80' title='bbox 376 1174 538 1217; x_wconf 86' lang='lat' dir='ltr'><strong>tatibus</strong></span> <span class='ocrx_word' id='word_1_81' title='bbox 558 1174 755 1217; x_wconf 89' lang='lat' dir='ltr'><strong>similiter</strong></span> <span class='ocrx_word' id='word_1_82' title='bbox 773 1174 821 1216; x_wconf 92' lang='lat' dir='ltr'><strong>in</strong></span> <span class='ocrx_word' id='word_1_83' title='bbox 852 1173 1091 1216; x_wconf 81' lang='lat' dir='ltr'><strong>subsidium</strong></span> <span class='ocrx_word' id='word_1_84' title='bbox 1122 1188 1248 1216; x_wconf 89' lang='lat' dir='ltr'><strong>suum</strong></span> <span class='ocrx_word' id='word_1_85' title='bbox 1278 1179 1474 1229; x_wconf 87' lang='lat' dir='ltr'><strong>paratum</strong></span> <span class='ocrx_word' id='word_1_86' title='bbox 1504 1174 1724 1217; x_wconf 90' lang='lat' dir='ltr'><strong>inveniret.</strong></span> <span class='ocrx_word' id='word_1_87' title='bbox 1783 1175 1877 1216; x_wconf 83' lang='lat' dir='ltr'><strong>Rex</strong></span> 
     </span>
     <span class='ocr_line' id='line_1_13' title="bbox 378 1231 1876 1288; baseline 0 -14"><span class='ocrx_word' id='word_1_88' title='bbox 378 1232 510 1288; x_wconf 86' lang='lat' dir='ltr'><strong>igitur</strong></span> <span class='ocrx_word' id='word_1_89' title='bbox 528 1231 684 1283; x_wconf 82' lang='lat' dir='ltr'><strong>David,</strong></span> <span class='ocrx_word' id='word_1_90' title='bbox 703 1231 891 1274; x_wconf 75' lang='lat' dir='ltr'><strong>collectis</strong></span> <span class='ocrx_word' id='word_1_91' title='bbox 910 1231 1084 1282; x_wconf 86' lang='lat' dir='ltr'><strong>viribus,</strong></span> <span class='ocrx_word' id='word_1_92' title='bbox 1104 1232 1217 1286; x_wconf 90' lang='lat' dir='ltr'><strong>apud</strong></span> <span class='ocrx_word' id='word_1_93' title='bbox 1237 1232 1368 1274; x_wconf 90' lang='lat' dir='ltr'><strong>Perth</strong></span> <span class='ocrx_word' id='word_1_94' title='bbox 1397 1233 1623 1274; x_wconf 87' lang='lat' dir='ltr'><strong>consilium</strong></span> <span class='ocrx_word' id='word_1_95' title='bbox 1651 1232 1802 1282; x_wconf 82' lang='lat' dir='ltr'><strong>tenuit,</strong></span> <span class='ocrx_word' id='word_1_96' title='bbox 1832 1236 1876 1274; x_wconf 90' lang='lat' dir='ltr'><strong>et</strong></span> 
     </span>
     <span class='ocr_line' id='line_1_14' title="bbox 379 1289 1875 1345; baseline 0 -13"><span class='ocrx_word' id='word_1_97' title='bbox 379 1303 434 1332; x_wconf 90' lang='lat' dir='ltr'><strong>ex</strong></span> <span class='ocrx_word' id='word_1_98' title='bbox 472 1289 670 1332; x_wconf 89' lang='lat' dir='ltr'><strong>omnibus</strong></span> <span class='ocrx_word' id='word_1_99' title='bbox 709 1289 901 1344; x_wconf 85' lang='lat' dir='ltr'><strong>partibus</strong></span> <span class='ocrx_word' id='word_1_100' title='bbox 938 1289 1060 1344; x_wconf 90' lang='lat' dir='ltr'><strong>regni</strong></span> <span class='ocrx_word' id='word_1_101' title='bbox 1096 1289 1298 1344; x_wconf 86' lang='lat' dir='ltr'><strong>grandem</strong></span> <span class='ocrx_word' id='word_1_102' title='bbox 1332 1290 1564 1332; x_wconf 85' lang='lat' dir='ltr'><strong>exereitum</strong></span> <span class='ocrx_word' id='word_1_103' title='bbox 1597 1290 1875 1345; x_wconf 75' lang='lat' dir='ltr'><strong>congregavit.</strong></span> 
     </span>
     <span class='ocr_line' id='line_1_15' title="bbox 380 1346 1877 1402; baseline -0.001 -13"><span class='ocrx_word' id='word_1_104' title='bbox 380 1347 470 1390; x_wconf 90' lang='lat' dir='ltr'><strong>Ubi</strong></span> <span class='ocrx_word' id='word_1_105' title='bbox 504 1360 644 1389; x_wconf 89' lang='lat' dir='ltr'><strong>comes</strong></span> <span class='ocrx_word' id='word_1_106' title='bbox 677 1346 730 1389; x_wconf 91' lang='lat' dir='ltr'><strong>de</strong></span> <span class='ocrx_word' id='word_1_107' title='bbox 764 1347 871 1389; x_wconf 85' lang='lat' dir='ltr'><strong>Ross</strong></span> <span class='ocrx_word' id='word_1_108' title='bbox 908 1346 956 1388; x_wconf 91' lang='lat' dir='ltr'><strong>in</strong></span> <span class='ocrx_word' id='word_1_109' title='bbox 986 1347 1240 1389; x_wconf 87' lang='lat' dir='ltr'><strong>monasterio</strong></span> <span class='ocrx_word' id='word_1_110' title='bbox 1279 1346 1332 1389; x_wconf 88' lang='lat' dir='ltr'><strong>de</strong></span> <span class='ocrx_word' id='word_1_111' title='bbox 1371 1347 1583 1402; x_wconf 87' lang='lat' dir='ltr'><strong>Helquow</strong></span> <span class='ocrx_word' id='word_1_112' title='bbox 1613 1347 1877 1402; x_wconf 81' lang='lat' dir='ltr'><strong>hospitatus3</strong></span> 
     </span>
     <span class='ocr_line' id='line_1_16' title="bbox 380 1403 1876 1460; baseline 0 -14"><span class='ocrx_word' id='word_1_113' title='bbox 380 1403 615 1447; x_wconf 80' lang='lat' dir='ltr'><strong>Ranaldus⁴</strong></span> <span class='ocrx_word' id='word_1_114' title='bbox 634 1418 744 1455; x_wconf 88' lang='lat' dir='ltr'><strong>vero,</strong></span> <span class='ocrx_word' id='word_1_115' title='bbox 765 1404 961 1446; x_wconf 89' lang='lat' dir='ltr'><strong>dominus</strong></span> <span class='ocrx_word' id='word_1_116' title='bbox 991 1403 1263 1455; x_wconf 86' lang='lat' dir='ltr'><strong>Insularum,⁵</strong></span> <span class='ocrx_word' id='word_1_117' title='bbox 1282 1417 1332 1447; x_wconf 89' lang='lat' dir='ltr'><strong>eo</strong></span> <span class='ocrx_word' id='word_1_118' title='bbox 1360 1405 1471 1447; x_wconf 90' lang='lat' dir='ltr'><strong>circa</strong></span> <span class='ocrx_word' id='word_1_119' title='bbox 1499 1418 1628 1460; x_wconf 88' lang='lat' dir='ltr'><strong>prope</strong></span> <span class='ocrx_word' id='word_1_120' title='bbox 1653 1404 1876 1447; x_wconf 85' lang='lat' dir='ltr'><strong>similiter:</strong></span> 
     </span>
     <span class='ocr_line' id='line_1_17' title="bbox 379 1461 1876 1517; baseline -0.001 -13"><span class='ocrx_word' id='word_1_121' title='bbox 379 1463 492 1505; x_wconf 87' lang='lat' dir='ltr'><strong>inter</strong></span> <span class='ocrx_word' id='word_1_122' title='bbox 530 1475 636 1517; x_wconf 89' lang='lat' dir='ltr'><strong>quos</strong></span> <span class='ocrx_word' id='word_1_123' title='bbox 675 1462 852 1517; x_wconf 86' lang='lat' dir='ltr'><strong>antiqua</strong></span> <span class='ocrx_word' id='word_1_124' title='bbox 889 1461 1080 1503; x_wconf 86' lang='lat' dir='ltr'><strong>inimicia</strong></span> <span class='ocrx_word' id='word_1_125' title='bbox 1112 1461 1322 1517; x_wconf 82' lang='lat' dir='ltr'><strong>regnabat.</strong></span> <span class='ocrx_word' id='word_1_126' title='bbox 1381 1462 1557 1517; x_wconf 90' lang='lat' dir='ltr'><strong>Propter</strong></span> <span class='ocrx_word' id='word_1_127' title='bbox 1590 1462 1703 1517; x_wconf 91' lang='lat' dir='ltr'><strong>quod</strong></span> <span class='ocrx_word' id='word_1_128' title='bbox 1737 1462 1876 1504; x_wconf 85' lang='lat' dir='ltr'><strong>dictus</strong></span> 
     </span>
     <span class='ocr_line' id='line_1_18' title="bbox 379 1518 1876 1574; baseline -0.001 -12"><span class='ocrx_word' id='word_1_129' title='bbox 379 1533 520 1563; x_wconf 89' lang='lat' dir='ltr'><strong>comes</strong></span> <span class='ocrx_word' id='word_1_130' title='bbox 540 1519 592 1561; x_wconf 90' lang='lat' dir='ltr'><strong>de</strong></span> <span class='ocrx_word' id='word_1_131' title='bbox 612 1519 730 1570; x_wconf 90' lang='lat' dir='ltr'><strong>Ross,</strong></span> <span class='ocrx_word' id='word_1_132' title='bbox 750 1519 797 1561; x_wconf 91' lang='lat' dir='ltr'><strong>in</strong></span> <span class='ocrx_word' id='word_1_133' title='bbox 817 1518 991 1561; x_wconf 85' lang='lat' dir='ltr'><strong>silencio</strong></span> <span class='ocrx_word' id='word_1_134' title='bbox 1010 1519 1148 1561; x_wconf 88' lang='lat' dir='ltr'><strong>noctis</strong></span> <span class='ocrx_word' id='word_1_135' title='bbox 1177 1519 1319 1562; x_wconf 90' lang='lat' dir='ltr'><strong>missis</strong></span> <span class='ocrx_word' id='word_1_136' title='bbox 1339 1520 1595 1574; x_wconf 86' lang='lat' dir='ltr'><strong>quibusdam</strong></span> <span class='ocrx_word' id='word_1_137' title='bbox 1621 1519 1876 1562; x_wconf 84' lang='lat' dir='ltr'><strong>satellitibus</strong></span> 
     </span>
     <span class='ocr_line' id='line_1_19' title="bbox 381 1576 1872 1633; baseline 0 -14"><span class='ocrx_word' id='word_1_138' title='bbox 381 1578 481 1629; x_wconf 83' lang='lat' dir='ltr'><strong>suis,</strong></span> <span class='ocrx_word' id='word_1_139' title='bbox 519 1577 769 1633; x_wconf 78' lang='lat' dir='ltr'><strong>praedictum</strong></span> <span class='ocrx_word' id='word_1_140' title='bbox 812 1576 1051 1618; x_wconf 89' lang='lat' dir='ltr'><strong>Ranaldum</strong></span> <span class='ocrx_word' id='word_1_141' title='bbox 1090 1590 1189 1618; x_wconf 91' lang='lat' dir='ltr'><strong>cum</strong></span> <span class='ocrx_word' id='word_1_142' title='bbox 1231 1580 1393 1631; x_wconf 90' lang='lat' dir='ltr'><strong>septem</strong></span> <span class='ocrx_word' id='word_1_143' title='bbox 1431 1577 1645 1619; x_wconf 82' lang='lat' dir='ltr'><strong>nobilibus</strong></span> <span class='ocrx_word' id='word_1_144' title='bbox 1693 1577 1746 1619; x_wconf 90' lang='lat' dir='ltr'><strong>de</strong></span> <span class='ocrx_word' id='word_1_145' title='bbox 1784 1578 1872 1619; x_wconf 83' lang='lat' dir='ltr'><strong>suis</strong></span> 
     </span>
     <span class='ocr_line' id='line_1_20' title="bbox 380 1634 1873 1689; baseline -0.001 -12"><span class='ocrx_word' id='word_1_146' title='bbox 380 1634 529 1677; x_wconf 87' lang='lat' dir='ltr'><strong>amicis</strong></span> <span class='ocrx_word' id='word_1_147' title='bbox 557 1634 605 1676; x_wconf 90' lang='lat' dir='ltr'><strong>in</strong></span> <span class='ocrx_word' id='word_1_148' title='bbox 632 1634 756 1676; x_wconf 87' lang='lat' dir='ltr'><strong>lectis</strong></span> <span class='ocrx_word' id='word_1_149' title='bbox 786 1647 933 1689; x_wconf 88' lang='lat' dir='ltr'><strong>sopore</strong></span> <span class='ocrx_word' id='word_1_150' title='bbox 962 1634 1170 1689; x_wconf 87' lang='lat' dir='ltr'><strong>superatis</strong></span> <span class='ocrx_word' id='word_1_151' title='bbox 1190 1634 1326 1676; x_wconf 89' lang='lat' dir='ltr'><strong>occidi</strong></span> <span class='ocrx_word' id='word_1_152' title='bbox 1345 1634 1446 1677; x_wconf 89' lang='lat' dir='ltr'><strong>fecit</strong></span> <span class='ocrx_word' id='word_1_153' title='bbox 1457 1650 1468 1687; x_wconf 94' lang='lat'>;</span> <span class='ocrx_word' id='word_1_154' title='bbox 1503 1638 1546 1677; x_wconf 85' lang='lat' dir='ltr'><strong>st</strong></span> <span class='ocrx_word' id='word_1_155' title='bbox 1575 1635 1798 1677; x_wconf 87' lang='lat' dir='ltr'><strong>confestim</strong></span> <span class='ocrx_word' id='word_1_156' title='bbox 1826 1635 1873 1676; x_wconf 91' lang='lat' dir='ltr'><strong>in</strong></span> 
     </span>
     <span class='ocr_line' id='line_1_21' title="bbox 380 1691 1875 1748; baseline -0.001 -13"><span class='ocrx_word' id='word_1_157' title='bbox 380 1692 565 1748; x_wconf 86' lang='lat' dir='ltr'><strong>patriam</strong></span> <span class='ocrx_word' id='word_1_158' title='bbox 597 1691 811 1747; x_wconf 86' lang='lat' dir='ltr'><strong>propriam</strong></span> <span class='ocrx_word' id='word_1_159' title='bbox 844 1705 1036 1734; x_wconf 87' lang='lat' dir='ltr'><strong>reversus</strong></span> <span class='ocrx_word' id='word_1_160' title='bbox 1070 1695 1135 1734; x_wconf 89' lang='lat' dir='ltr'><strong>est</strong></span> <span class='ocrx_word' id='word_1_161' title='bbox 1149 1691 1181 1733; x_wconf 77' lang='lat'><strong>:⁶</strong></span> <span class='ocrx_word' id='word_1_162' title='bbox 1222 1691 1401 1735; x_wconf 90' lang='lat' dir='ltr'><strong>ulterius</strong></span> <span class='ocrx_word' id='word_1_163' title='bbox 1436 1706 1535 1735; x_wconf 88' lang='lat' dir='ltr'><strong>cum</strong></span> <span class='ocrx_word' id='word_1_164' title='bbox 1568 1706 1663 1748; x_wconf 88' lang='lat' dir='ltr'><strong>rege</strong></span> <span class='ocrx_word' id='word_1_165' title='bbox 1696 1692 1875 1735; x_wconf 89' lang='lat' dir='ltr'><strong>transire</strong></span> 
     </span>
     <span class='ocr_line' id='line_1_22' title="bbox 381 1748 1879 1800; baseline -0.001 -8"><span class='ocrx_word' id='word_1_166' title='bbox 381 1750 530 1793; x_wconf 88' lang='lat' dir='ltr'><strong>noluit.</strong></span> <span class='ocrx_word' id='word_1_167' title='bbox 591 1749 719 1792; x_wconf 90' lang='lat' dir='ltr'><strong>Unde</strong></span> <span class='ocrx_word' id='word_1_168' title='bbox 737 1749 838 1792; x_wconf 89' lang='lat' dir='ltr'><strong>licet</strong></span> <span class='ocrx_word' id='word_1_169' title='bbox 856 1763 932 1792; x_wconf 85' lang='lat' dir='ltr'><strong>rex</strong></span> <span class='ocrx_word' id='word_1_170' title='bbox 950 1748 1136 1791; x_wconf 86' lang='lat' dir='ltr'><strong>multum</strong></span> <span class='ocrx_word' id='word_1_171' title='bbox 1154 1749 1298 1800; x_wconf 90' lang='lat' dir='ltr'><strong>iratus,</strong></span> <span class='ocrx_word' id='word_1_172' title='bbox 1319 1753 1362 1791; x_wconf 88' lang='lat' dir='ltr'><strong>et</strong></span> <span class='ocrx_word' id='word_1_173' title='bbox 1381 1750 1434 1792; x_wconf 87' lang='lat' dir='ltr'><strong>ad</strong></span> <span class='ocrx_word' id='word_1_174' title='bbox 1453 1750 1688 1793; x_wconf 88' lang='lat' dir='ltr'><strong>vindictam</strong></span> <span class='ocrx_word' id='word_1_175' title='bbox 1707 1748 1879 1792; x_wconf 82' lang='lat' dir='ltr'><strong>factam⁷</strong></span> 
     </span>
     <span class='ocr_line' id='line_1_23' title="bbox 380 1807 1879 1863; baseline -0.001 -13"><span class='ocrx_word' id='word_1_176' title='bbox 380 1809 520 1850; x_wconf 86' lang='lat' dir='ltr'><strong>furore</strong></span> <span class='ocrx_word' id='word_1_177' title='bbox 549 1820 787 1858; x_wconf 87' lang='lat' dir='ltr'><strong>succensus,</strong></span> <span class='ocrx_word' id='word_1_178' title='bbox 806 1811 960 1858; x_wconf 86' lang='lat' dir='ltr'><strong>tamen,</strong></span> <span class='ocrx_word' id='word_1_179' title='bbox 990 1810 1160 1862; x_wconf 88' lang='lat' dir='ltr'><strong>propter</strong></span> <span class='ocrx_word' id='word_1_180' title='bbox 1178 1807 1369 1850; x_wconf 90' lang='lat' dir='ltr'><strong>ardorem</strong></span> <span class='ocrx_word' id='word_1_181' title='bbox 1397 1821 1525 1863; x_wconf 88' lang='lat' dir='ltr'><strong>quem</strong></span> <span class='ocrx_word' id='word_1_182' title='bbox 1553 1821 1650 1863; x_wconf 87' lang='lat' dir='ltr'><strong>erga</strong></span> <span class='ocrx_word' id='word_1_183' title='bbox 1678 1821 1783 1863; x_wconf 89' lang='lat' dir='ltr'><strong>opus</strong></span> <span class='ocrx_word' id='word_1_184' title='bbox 1812 1807 1879 1848; x_wconf 90' lang='lat' dir='ltr'><strong>in-</strong></span> 
     </span>
     <span class='ocr_line' id='line_1_24' title="bbox 381 1864 1878 1921; baseline -0.001 -13"><span class='ocrx_word' id='word_1_185' title='bbox 381 1864 583 1921; x_wconf 83' lang='lat' dir='ltr'><strong>ceptum,⁸</strong></span> <span class='ocrx_word' id='word_1_186' title='bbox 601 1864 875 1908; x_wconf 85' lang='lat' dir='ltr'><strong>retrocedere⁹</strong></span> <span class='ocrx_word' id='word_1_187' title='bbox 894 1864 1044 1916; x_wconf 90' lang='lat' dir='ltr'><strong>noluit,</strong></span> <span class='ocrx_word' id='word_1_188' title='bbox 1057 1864 1159 1907; x_wconf 89' lang='lat' dir='ltr'><strong>licet</strong></span> <span class='ocrx_word' id='word_1_189' title='bbox 1173 1878 1198 1907; x_wconf 91' lang='lat' dir='ltr'><strong>a</strong></span> <span class='ocrx_word' id='word_1_190' title='bbox 1218 1865 1306 1909; x_wconf 87' lang='lat' dir='ltr'><strong>suis</strong></span> <span class='ocrx_word' id='word_1_191' title='bbox 1324 1864 1372 1907; x_wconf 92' lang='lat' dir='ltr'><strong>in</strong></span> <span class='ocrx_word' id='word_1_192' title='bbox 1391 1865 1646 1907; x_wconf 88' lang='lat' dir='ltr'><strong>contrarium</strong></span> <span class='ocrx_word' id='word_1_193' title='bbox 1660 1864 1878 1907; x_wconf 87' lang='lat' dir='ltr'><strong>consultus</strong></span> 
     </span>
     <span class='ocr_line' id='line_1_25' title="bbox 382 1922 1877 1978; baseline -0.002 -12"><span class='ocrx_word' id='word_1_194' title='bbox 382 1923 493 1976; x_wconf 86' lang='lat' dir='ltr'><strong>fuit;</strong></span> <span class='ocrx_word' id='word_1_195' title='bbox 521 1922 608 1974; x_wconf 90' lang='lat' dir='ltr'><strong>sed,</strong></span> <span class='ocrx_word' id='word_1_196' title='bbox 627 1936 672 1965; x_wconf 89' lang='lat' dir='ltr'><strong>se</strong></span> <span class='ocrx_word' id='word_1_197' title='bbox 691 1923 745 1965; x_wconf 89' lang='lat' dir='ltr'><strong>ad</strong></span> <span class='ocrx_word' id='word_1_198' title='bbox 759 1922 967 1965; x_wconf 85' lang='lat' dir='ltr'><strong>marchias</strong></span> <span class='ocrx_word' id='word_1_199' title='bbox 986 1922 1154 1977; x_wconf 88' lang='lat' dir='ltr'><strong>Angliae</strong></span> <span class='ocrx_word' id='word_1_200' title='bbox 1172 1922 1412 1965; x_wconf 89' lang='lat' dir='ltr'><strong>festinando</strong></span> <span class='ocrx_word' id='word_1_201' title='bbox 1441 1936 1539 1965; x_wconf 92' lang='lat' dir='ltr'><strong>cum</strong></span> <span class='ocrx_word' id='word_1_202' title='bbox 1566 1923 1764 1978; x_wconf 83' lang='lat' dir='ltr'><strong>potencia</strong></span> <span class='ocrx_word' id='word_1_203' title='bbox 1791 1936 1877 1964; x_wconf 90' lang='lat' dir='ltr'><strong>non</strong></span> 
     </span>
     <span class='ocr_line' id='line_1_26' title="bbox 382 1979 1879 2035; baseline -0.001 -12"><span class='ocrx_word' id='word_1_204' title='bbox 382 1981 560 2032; x_wconf 89' lang='lat' dir='ltr'><strong>modica,</strong></span> <span class='ocrx_word' id='word_1_205' title='bbox 578 1980 835 2023; x_wconf 82' lang='lat' dir='ltr'><strong>fortalicium</strong></span> <span class='ocrx_word' id='word_1_206' title='bbox 855 1979 907 2022; x_wconf 90' lang='lat' dir='ltr'><strong>de</strong></span> <span class='ocrx_word' id='word_1_207' title='bbox 927 1979 1115 2022; x_wconf 86' lang='lat' dir='ltr'><strong>Liddalis</strong></span> <span class='ocrx_word' id='word_1_208' title='bbox 1145 1980 1257 2035; x_wconf 86' lang='lat' dir='ltr'><strong>cepit</strong></span> <span class='ocrx_word' id='word_1_209' title='bbox 1285 1983 1330 2023; x_wconf 90' lang='lat' dir='ltr'><strong>et</strong></span> <span class='ocrx_word' id='word_1_210' title='bbox 1360 1981 1577 2022; x_wconf 86' lang='lat' dir='ltr'><strong>custodem</strong></span> <span class='ocrx_word' id='word_1_211' title='bbox 1608 1980 1808 2034; x_wconf 84' lang='lat' dir='ltr'><strong>ejusdem,</strong></span> <span class='ocrx_word' id='word_1_212' title='bbox 1835 1983 1879 2022; x_wconf 85' lang='lat' dir='ltr'><strong>et</strong></span> 
     </span>
     <span class='ocr_line' id='line_1_27' title="bbox 382 2037 1878 2094; baseline -0.001 -13"><span class='ocrx_word' id='word_1_213' title='bbox 382 2040 527 2094; x_wconf 89' lang='lat' dir='ltr'><strong>ipsum</strong></span> <span class='ocrx_word' id='word_1_214' title='bbox 545 2038 803 2080; x_wconf 82' lang='lat' dir='ltr'><strong>fortalicium</strong></span> <span class='ocrx_word' id='word_1_215' title='bbox 822 2037 877 2079; x_wconf 88' lang='lat' dir='ltr'><strong>ad</strong></span> <span class='ocrx_word' id='word_1_216' title='bbox 895 2040 1051 2080; x_wconf 87' lang='lat' dir='ltr'><strong>terram</strong></span> <span class='ocrx_word' id='word_1_217' title='bbox 1069 2038 1305 2092; x_wconf 85' lang='lat' dir='ltr'><strong>prostravit.</strong></span> <span class='ocrx_word' id='word_1_218' title='bbox 1369 2038 1462 2089; x_wconf 82' lang='lat' dir='ltr'><strong>Quo</strong></span> <span class='ocrx_word' id='word_1_219' title='bbox 1491 2052 1579 2080; x_wconf 92' lang='lat' dir='ltr'><strong>non</strong></span> <span class='ocrx_word' id='word_1_220' title='bbox 1598 2039 1804 2089; x_wconf 86' lang='lat' dir='ltr'><strong>obstante,</strong></span> <span class='ocrx_word' id='word_1_221' title='bbox 1824 2037 1878 2079; x_wconf 89' lang='lat' dir='ltr'><strong>ad</strong></span> 
     </span>
     <span class='ocr_line' id='line_1_28' title="bbox 382 2094 1878 2152; baseline -0.001 -14"><span class='ocrx_word' id='word_1_222' title='bbox 382 2096 467 2139; x_wconf 90' lang='lat' dir='ltr'><strong>huc</strong></span> <span class='ocrx_word' id='word_1_223' title='bbox 505 2110 581 2139; x_wconf 87' lang='lat' dir='ltr'><strong>rex</strong></span> <span class='ocrx_word' id='word_1_224' title='bbox 613 2109 689 2152; x_wconf 90' lang='lat' dir='ltr'><strong>per</strong></span> <span class='ocrx_word' id='word_1_225' title='bbox 727 2094 953 2138; x_wconf 85' lang='lat' dir='ltr'><strong>consilium</strong></span> <span class='ocrx_word' id='word_1_226' title='bbox 980 2094 1190 2138; x_wconf 83' lang='lat' dir='ltr'><strong>willelmi</strong></span> <span class='ocrx_word' id='word_1_227' title='bbox 1221 2095 1273 2138; x_wconf 91' lang='lat' dir='ltr'><strong>de</strong></span> <span class='ocrx_word' id='word_1_228' title='bbox 1307 2095 1496 2151; x_wconf 88' lang='lat' dir='ltr'><strong>Douglas</strong></span> <span class='ocrx_word' id='word_1_229' title='bbox 1528 2096 1758 2147; x_wconf 89' lang='lat' dir='ltr'><strong>consultus,</strong></span> <span class='ocrx_word' id='word_1_230' title='bbox 1786 2095 1878 2138; x_wconf 87' lang='lat' dir='ltr'><strong>viso</strong></span> 
     </span>
     <span class='ocr_line' id='line_1_29' title="bbox 382 2152 1877 2208; baseline -0.001 -12"><span class='ocrx_word' id='word_1_231' title='bbox 382 2154 616 2196; x_wconf 89' lang='lat' dir='ltr'><strong>infortunio</strong></span> <span class='ocrx_word' id='word_1_232' title='bbox 635 2152 947 2196; x_wconf 84' lang='lat' dir='ltr'><strong>interfecciom&#39;s</strong></span> <span class='ocrx_word' id='word_1_233' title='bbox 968 2152 1072 2195; x_wconf 88' lang='lat' dir='ltr'><strong>dicti</strong></span> <span class='ocrx_word' id='word_1_234' title='bbox 1097 2152 1260 2195; x_wconf 90' lang='lat' dir='ltr'><strong>domini</strong></span> <span class='ocrx_word' id='word_1_235' title='bbox 1288 2153 1543 2205; x_wconf 87' lang='lat' dir='ltr'><strong>Insularum,</strong></span> <span class='ocrx_word' id='word_1_236' title='bbox 1563 2158 1613 2196; x_wconf 91' lang='lat' dir='ltr'><strong>ut</strong></span> <span class='ocrx_word' id='word_1_237' title='bbox 1632 2153 1685 2196; x_wconf 89' lang='lat' dir='ltr'><strong>ad</strong></span> <span class='ocrx_word' id='word_1_238' title='bbox 1714 2166 1877 2208; x_wconf 87' lang='lat' dir='ltr'><strong>repara-</strong></span> 
     </span>
     <span class='ocr_line' id='line_1_30' title="bbox 383 2210 1877 2267; baseline -0.002 -13"><span class='ocrx_word' id='word_1_239' title='bbox 383 2212 549 2254; x_wconf 91' lang='lat' dir='ltr'><strong>cionem</strong></span> <span class='ocrx_word' id='word_1_240' title='bbox 564 2211 688 2254; x_wconf 84' lang='lat' dir='ltr'><strong>dictae</strong></span> <span class='ocrx_word' id='word_1_241' title='bbox 702 2210 868 2267; x_wconf 81' lang='lat' dir='ltr'><strong>injuriae</strong></span> <span class='ocrx_word' id='word_1_242' title='bbox 879 2213 1106 2253; x_wconf 88' lang='lat' dir='ltr'><strong>reverteret</strong></span> <span class='ocrx_word' id='word_1_243' title='bbox 1124 2214 1351 2266; x_wconf 86' lang='lat' dir='ltr'><strong>antequam</strong></span> <span class='ocrx_word' id='word_1_244' title='bbox 1363 2210 1543 2254; x_wconf 84' lang='lat' dir='ltr'><strong>ulterius</strong></span> <span class='ocrx_word' id='word_1_245' title='bbox 1555 2210 1663 2266; x_wconf 81' lang='lat' dir='ltr'><strong>per²⁰</strong></span> <span class='ocrx_word' id='word_1_246' title='bbox 1675 2210 1877 2267; x_wconf 88' lang='lat' dir='ltr'><strong>Angliam</strong></span> 
     </span>
     <span class='ocr_line' id='line_1_31' title="bbox 383 2268 1877 2321; baseline -0.002 -10"><span class='ocrx_word' id='word_1_247' title='bbox 383 2270 571 2320; x_wconf 86' lang='lat' dir='ltr'><strong>intraret,</strong></span> <span class='ocrx_word' id='word_1_248' title='bbox 609 2268 724 2311; x_wconf 87' lang='lat' dir='ltr'><strong>hoc¹l</strong></span> <span class='ocrx_word' id='word_1_249' title='bbox 758 2268 930 2310; x_wconf 90' lang='lat' dir='ltr'><strong>omnino</strong></span> <span class='ocrx_word' id='word_1_250' title='bbox 964 2268 1149 2311; x_wconf 90' lang='lat' dir='ltr'><strong>breviter</strong></span> <span class='ocrx_word' id='word_1_251' title='bbox 1176 2268 1387 2311; x_wconf 89' lang='lat' dir='ltr'><strong>recusavit</strong></span> <span class='ocrx_word' id='word_1_252' title='bbox 1398 2284 1410 2321; x_wconf 93' lang='lat'>;</span> <span class='ocrx_word' id='word_1_253' title='bbox 1448 2272 1502 2319; x_wconf 91' lang='lat' dir='ltr'><strong>et,</strong></span> <span class='ocrx_word' id='word_1_254' title='bbox 1531 2273 1676 2312; x_wconf 88' lang='lat' dir='ltr'><strong>contra</strong></span> <span class='ocrx_word' id='word_1_255' title='bbox 1709 2281 1877 2311; x_wconf 90' lang='lat' dir='ltr'><strong>omnem</strong></span> 
     </span>
     <span class='ocr_line' id='line_1_32' title="bbox 383 2325 1878 2382; baseline -0.003 -13"><span class='ocrx_word' id='word_1_256' title='bbox 383 2327 627 2382; x_wconf 90' lang='lat' dir='ltr'><strong>opinionem</strong></span> <span class='ocrx_word' id='word_1_257' title='bbox 642 2325 884 2382; x_wconf 88' lang='lat' dir='ltr'><strong>sapientum</strong></span> <span class='ocrx_word' id='word_1_258' title='bbox 903 2329 947 2368; x_wconf 87' lang='lat' dir='ltr'><strong>et</strong></span> <span class='ocrx_word' id='word_1_259' title='bbox 965 2325 1235 2381; x_wconf 91' lang='lat' dir='ltr'><strong>prudentum,</strong></span> <span class='ocrx_word' id='word_1_260' title='bbox 1254 2339 1303 2369; x_wconf 85' lang='lat' dir='ltr'><strong>ac</strong></span> <span class='ocrx_word' id='word_1_261' title='bbox 1325 2326 1511 2369; x_wconf 82' lang='lat' dir='ltr'><strong>virorum</strong></span> <span class='ocrx_word' id='word_1_262' title='bbox 1536 2330 1803 2382; x_wconf 85' lang='lat' dir='ltr'><strong>expertorum</strong></span> <span class='ocrx_word' id='word_1_263' title='bbox 1831 2325 1878 2366; x_wconf 90' lang='lat' dir='ltr'><strong>in</strong></span> 
     </span>
     <span class='ocr_line' id='line_1_33' title="bbox 384 2381 1877 2440; baseline -0.002 -14"><span class='ocrx_word' id='word_1_264' title='bbox 384 2384 556 2439; x_wconf 85' lang='lat' dir='ltr'><strong>guerris,</strong></span> <span class='ocrx_word' id='word_1_265' title='bbox 576 2384 623 2426; x_wconf 92' lang='lat' dir='ltr'><strong>in</strong></span> <span class='ocrx_word' id='word_1_266' title='bbox 641 2383 844 2440; x_wconf 89' lang='lat' dir='ltr'><strong>Angliam</strong></span> <span class='ocrx_word' id='word_1_267' title='bbox 863 2384 1047 2426; x_wconf 88' lang='lat' dir='ltr'><strong>frontose</strong></span> <span class='ocrx_word' id='word_1_268' title='bbox 1066 2383 1223 2427; x_wconf 89' lang='lat' dir='ltr'><strong>intrare</strong></span> <span class='ocrx_word' id='word_1_269' title='bbox 1242 2383 1391 2435; x_wconf 89' lang='lat' dir='ltr'><strong>voluit,</strong></span> <span class='ocrx_word' id='word_1_270' title='bbox 1410 2384 1594 2439; x_wconf 86' lang='lat' dir='ltr'><strong>agitatus</strong></span> <span class='ocrx_word' id='word_1_271' title='bbox 1616 2388 1660 2427; x_wconf 91' lang='lat' dir='ltr'><strong>et</strong></span> <span class='ocrx_word' id='word_1_272' title='bbox 1678 2381 1877 2426; x_wconf 87' lang='lat' dir='ltr'><strong>accensus</strong></span> 
     </span>
     <span class='ocr_line' id='line_1_34' title="bbox 384 2440 1878 2498; baseline -0.002 -15"><span class='ocrx_word' id='word_1_273' title='bbox 384 2441 561 2484; x_wconf 89' lang='lat' dir='ltr'><strong>consilio</strong></span> <span class='ocrx_word' id='word_1_274' title='bbox 576 2441 839 2498; x_wconf 88' lang='lat' dir='ltr'><strong>quorundam</strong></span> <span class='ocrx_word' id='word_1_275' title='bbox 849 2441 1059 2496; x_wconf 89' lang='lat' dir='ltr'><strong>juvenum</strong></span> <span class='ocrx_word' id='word_1_276' title='bbox 1073 2441 1399 2496; x_wconf 85' lang='lat' dir='ltr'><strong>inexpertorum,</strong></span> <span class='ocrx_word' id='word_1_277' title='bbox 1413 2441 1588 2484; x_wconf 86' lang='lat' dir='ltr'><strong>levitate</strong></span> <span class='ocrx_word' id='word_1_278' title='bbox 1602 2440 1734 2496; x_wconf 83' lang='lat' dir='ltr'><strong>magis</strong></span> <span class='ocrx_word' id='word_1_279' title='bbox 1749 2453 1878 2494; x_wconf 89' lang='lat' dir='ltr'><strong>quam</strong></span> 
     </span>
     <span class='ocr_line' id='line_1_35' title="bbox 384 2497 1879 2555; baseline -0.001 -15"><span class='ocrx_word' id='word_1_280' title='bbox 384 2498 614 2553; x_wconf 89' lang='lat' dir='ltr'><strong>prudencia</strong></span> <span class='ocrx_word' id='word_1_281' title='bbox 632 2503 786 2550; x_wconf 90' lang='lat' dir='ltr'><strong>motus,</strong></span> <span class='ocrx_word' id='word_1_282' title='bbox 806 2499 1044 2542; x_wconf 89' lang='lat' dir='ltr'><strong>dicencium</strong></span> <span class='ocrx_word' id='word_1_283' title='bbox 1063 2498 1178 2554; x_wconf 90' lang='lat' dir='ltr'><strong>quod</strong></span> <span class='ocrx_word' id='word_1_284' title='bbox 1196 2499 1317 2554; x_wconf 83' lang='lat' dir='ltr'><strong>“jam</strong></span> <span class='ocrx_word' id='word_1_285' title='bbox 1336 2512 1412 2541; x_wconf 90' lang='lat' dir='ltr'><strong>rex</strong></span> <span class='ocrx_word' id='word_1_286' title='bbox 1430 2499 1598 2555; x_wconf 87' lang='lat' dir='ltr'><strong>Angliae</strong></span> <span class='ocrx_word' id='word_1_287' title='bbox 1618 2511 1715 2541; x_wconf 92' lang='lat' dir='ltr'><strong>cum</strong></span> <span class='ocrx_word' id='word_1_288' title='bbox 1743 2497 1879 2538; x_wconf 81' lang='lat' dir='ltr'><strong>omni-</strong></span> 
     </span>
     <span class='ocr_line' id='line_1_36' title="bbox 384 2555 1881 2610; baseline -0.001 -13"><span class='ocrx_word' id='word_1_289' title='bbox 384 2556 465 2598; x_wconf 88' lang='lat' dir='ltr'><strong>bus</strong></span> <span class='ocrx_word' id='word_1_290' title='bbox 484 2556 628 2610; x_wconf 87' lang='lat' dir='ltr'><strong>probis</strong></span> <span class='ocrx_word' id='word_1_291' title='bbox 646 2555 890 2599; x_wconf 83' lang='lat' dir='ltr'><strong>hominibus</strong></span> <span class='ocrx_word' id='word_1_292' title='bbox 919 2556 1008 2599; x_wconf 91' lang='lat' dir='ltr'><strong>suis</strong></span> <span class='ocrx_word' id='word_1_293' title='bbox 1036 2556 1084 2598; x_wconf 88' lang='lat' dir='ltr'><strong>in</strong></span> <span class='ocrx_word' id='word_1_294' title='bbox 1107 2556 1285 2599; x_wconf 87' lang='lat' dir='ltr'><strong>Francia</strong></span> <span class='ocrx_word' id='word_1_295' title='bbox 1312 2560 1425 2607; x_wconf 89' lang='lat' dir='ltr'><strong>sunt,</strong></span> <span class='ocrx_word' id='word_1_296' title='bbox 1454 2560 1497 2599; x_wconf 88' lang='lat' dir='ltr'><strong>et</strong></span> <span class='ocrx_word' id='word_1_297' title='bbox 1525 2555 1634 2598; x_wconf 89' lang='lat' dir='ltr'><strong>nulli</strong></span> <span class='ocrx_word' id='word_1_298' title='bbox 1661 2557 1881 2597; x_wconf 86' lang='lat' dir='ltr'><strong>remanent</strong></span> 
     </span>
     <span class='ocr_line' id='line_1_37' title="bbox 384 2611 1879 2668; baseline 0 -14"><span class='ocrx_word' id='word_1_299' title='bbox 384 2613 432 2654; x_wconf 88' lang='lat' dir='ltr'><strong>in</strong></span> <span class='ocrx_word' id='word_1_300' title='bbox 450 2612 606 2668; x_wconf 86' lang='lat' dir='ltr'><strong>Anglia</strong></span> <span class='ocrx_word' id='word_1_301' title='bbox 625 2613 710 2654; x_wconf 89' lang='lat' dir='ltr'><strong>nisi</strong></span> <span class='ocrx_word' id='word_1_302' title='bbox 728 2616 899 2655; x_wconf 90' lang='lat' dir='ltr'><strong>tantum</strong></span> <span class='ocrx_word' id='word_1_303' title='bbox 917 2613 1103 2668; x_wconf 86' lang='lat' dir='ltr'><strong>religiosi</strong></span> <span class='ocrx_word' id='word_1_304' title='bbox 1122 2617 1166 2656; x_wconf 90' lang='lat' dir='ltr'><strong>et</strong></span> <span class='ocrx_word' id='word_1_305' title='bbox 1181 2613 1425 2664; x_wconf 85' lang='lat' dir='ltr'><strong>sacerdotes,</strong></span> <span class='ocrx_word' id='word_1_306' title='bbox 1441 2613 1618 2668; x_wconf 84' lang='lat' dir='ltr'><strong>operarii</strong></span> <span class='ocrx_word' id='word_1_307' title='bbox 1633 2615 1676 2655; x_wconf 92' lang='lat' dir='ltr'><strong>et</strong></span> <span class='ocrx_word' id='word_1_308' title='bbox 1690 2611 1879 2654; x_wconf 85' lang='lat' dir='ltr'><strong>colones:</strong></span> 
     </span>
     <span class='ocr_line' id='line_1_38' title="bbox 384 2669 1881 2726; baseline -0.002 -13"><span class='ocrx_word' id='word_1_309' title='bbox 384 2684 459 2725; x_wconf 93' lang='lat' dir='ltr'><strong>per</strong></span> <span class='ocrx_word' id='word_1_310' title='bbox 487 2670 602 2726; x_wconf 90' lang='lat' dir='ltr'><strong>quod</strong></span> <span class='ocrx_word' id='word_1_311' title='bbox 629 2669 780 2712; x_wconf 86' lang='lat' dir='ltr'><strong>leviter</strong></span> <span class='ocrx_word' id='word_1_312' title='bbox 807 2674 943 2713; x_wconf 87' lang='lat' dir='ltr'><strong>totam</strong></span> <span class='ocrx_word' id='word_1_313' title='bbox 970 2671 1153 2726; x_wconf 86' lang='lat' dir='ltr'><strong>patriam</strong></span> <span class='ocrx_word' id='word_1_314' title='bbox 1181 2684 1316 2726; x_wconf 90' lang='lat' dir='ltr'><strong>usque</strong></span> <span class='ocrx_word' id='word_1_315' title='bbox 1345 2670 1662 2712; x_wconf 89' lang='lat' dir='ltr'><strong>Londonensem</strong></span> <span class='ocrx_word' id='word_1_316' title='bbox 1691 2673 1881 2724; x_wconf 86' lang='lat' dir='ltr'><strong>pertran-</strong></span> 
     </span>
    </p>
   </div>
   <div class='ocr_carea' id='block_1_6' title="bbox 446 2792 1834 2970">
    <p class='ocr_par' dir='ltr' id='par_1_6' title="bbox 446 2792 1735 2829">
     <span class='ocr_line' id='line_1_39' title="bbox 446 2792 1735 2829; baseline -0.002 0"><span class='ocrx_word' id='word_1_317' title='bbox 446 2795 459 2817; x_wconf 90' lang='lat'><strong>¹</strong></span> <span class='ocrx_word' id='word_1_318' title='bbox 478 2796 516 2829; x_wconf 83' lang='lat' dir='ltr'><strong>O.</strong></span> <span class='ocrx_word' id='word_1_319' title='bbox 537 2795 576 2829; x_wconf 84' lang='lat' dir='ltr'><strong>E.</strong></span> <span class='ocrx_word' id='word_1_320' title='bbox 595 2797 677 2828; x_wconf 73' lang='lat' dir='ltr'><strong>mnit</strong></span> <span class='ocrx_word' id='word_1_321' title='bbox 692 2797 729 2828; x_wconf 87' lang='lat' dir='ltr'><strong>et</strong></span> <span class='ocrx_word' id='word_1_322' title='bbox 744 2794 788 2828; x_wconf 88' lang='lat' dir='ltr'><strong>de</strong></span> <span class='ocrx_word' id='word_1_323' title='bbox 804 2795 926 2828; x_wconf 90' lang='lat' dir='ltr'><strong>multis</strong></span> <span class='ocrx_word' id='word_1_324' title='bbox 942 2795 1028 2828; x_wconf 89' lang='lat' dir='ltr'><strong>aliis.</strong></span> <span class='ocrx_word' id='word_1_325' title='bbox 1464 2792 1478 2815; x_wconf 80' lang='lat'><strong>²</strong></span> <span class='ocrx_word' id='word_1_326' title='bbox 1494 2794 1530 2828; x_wconf 86' lang='lat' dir='ltr'><strong>C.</strong></span> <span class='ocrx_word' id='word_1_327' title='bbox 1549 2794 1590 2828; x_wconf 80' lang='lat' dir='ltr'><strong>E.</strong></span> <span class='ocrx_word' id='word_1_328' title='bbox 1608 2793 1735 2827; x_wconf 82' lang='lat' dir='ltr'><strong>Scocia.</strong></span> 
     </span>
    </p>

    <p class='ocr_par' dir='ltr' id='par_1_7' title="bbox 447 2839 1563 2885">
     <span class='ocr_line' id='line_1_40' title="bbox 447 2839 1563 2885; baseline -0.002 -9"><span class='ocrx_word' id='word_1_329' title='bbox 447 2841 461 2863; x_wconf 84' lang='lat'>³</span> <span class='ocrx_word' id='word_1_330' title='bbox 477 2842 515 2876; x_wconf 84' lang='lat' dir='ltr'><strong>C.</strong></span> <span class='ocrx_word' id='word_1_331' title='bbox 533 2843 572 2875; x_wconf 85' lang='lat' dir='ltr'><strong>E.</strong></span> <span class='ocrx_word' id='word_1_332' title='bbox 590 2842 673 2885; x_wconf 89' lang='lat' dir='ltr'><strong>ipse.</strong></span> <span class='ocrx_word' id='word_1_333' title='bbox 910 2839 924 2862; x_wconf 76' lang='lat'>4</span> <span class='ocrx_word' id='word_1_334' title='bbox 941 2841 977 2875; x_wconf 87' lang='lat' dir='ltr'><strong>C.</strong></span> <span class='ocrx_word' id='word_1_335' title='bbox 995 2841 1035 2876; x_wconf 84' lang='lat' dir='ltr'><strong>E.</strong></span> <span class='ocrx_word' id='word_1_336' title='bbox 1054 2841 1268 2885; x_wconf 82' lang='lat' dir='ltr'><strong>Raynaldus‚</strong></span> <span class='ocrx_word' id='word_1_337' title='bbox 1288 2841 1359 2874; x_wconf 84' lang='lat' dir='ltr'><strong>and</strong></span> <span class='ocrx_word' id='word_1_338' title='bbox 1374 2852 1409 2874; x_wconf 78' lang='lat' dir='ltr'><strong>so</strong></span> <span class='ocrx_word' id='word_1_339' title='bbox 1424 2842 1563 2883; x_wconf 58' lang='lat' dir='ltr'><strong>passim.</strong></span> 
     </span>
    </p>

    <p class='ocr_par' dir='ltr' id='par_1_8' title="bbox 447 2886 1772 2923">
     <span class='ocr_line' id='line_1_41' title="bbox 447 2886 1772 2923; baseline -0.002 -1"><span class='ocrx_word' id='word_1_340' title='bbox 447 2888 461 2910; x_wconf 84' lang='lat'>⁵</span> <span class='ocrx_word' id='word_1_341' title='bbox 477 2890 515 2923; x_wconf 88' lang='lat' dir='ltr'><strong>B.</strong></span> <span class='ocrx_word' id='word_1_342' title='bbox 534 2891 631 2922; x_wconf 69' lang='lat' dir='ltr'><strong>omits</strong></span> <span class='ocrx_word' id='word_1_343' title='bbox 646 2888 856 2922; x_wconf 82' lang='lat' dir='ltr'><strong>Insularum.</strong></span> <span class='ocrx_word' id='word_1_344' title='bbox 1461 2886 1476 2909; x_wconf 72' lang='grc' dir='ltr'><strong>θ</strong></span> <span class='ocrx_word' id='word_1_345' title='bbox 1493 2888 1531 2921; x_wconf 88' lang='lat' dir='ltr'><strong>C.</strong></span> <span class='ocrx_word' id='word_1_346' title='bbox 1549 2887 1590 2921; x_wconf 81' lang='lat' dir='ltr'><strong>E.</strong></span> <span class='ocrx_word' id='word_1_347' title='bbox 1611 2888 1692 2921; x_wconf 71' lang='lat' dir='ltr'><strong>omit</strong></span> <span class='ocrx_word' id='word_1_348' title='bbox 1708 2889 1772 2920; x_wconf 86' lang='lat' dir='ltr'><strong>est.</strong></span> 
     </span>
    </p>

    <p class='ocr_par' dir='ltr' id='par_1_9' title="bbox 446 2932 1834 2970">
     <span class='ocr_line' id='line_1_42' title="bbox 446 2932 1834 2970; baseline -0.003 0"><span class='ocrx_word' id='word_1_349' title='bbox 446 2935 460 2958; x_wconf 79' lang='lat'><strong><em>⁷</em></strong></span> <span class='ocrx_word' id='word_1_350' title='bbox 481 2936 518 2970; x_wconf 84' lang='lat' dir='ltr'><strong>O.</strong></span> <span class='ocrx_word' id='word_1_351' title='bbox 537 2936 577 2970; x_wconf 84' lang='lat' dir='ltr'><strong>E.</strong></span> <span class='ocrx_word' id='word_1_352' title='bbox 596 2938 632 2969; x_wconf 88' lang='lat' dir='ltr'><strong>et</strong></span> <span class='ocrx_word' id='word_1_353' title='bbox 647 2935 693 2969; x_wconf 80' lang='lat' dir='ltr'><strong>ad</strong></span> <span class='ocrx_word' id='word_1_354' title='bbox 709 2935 957 2969; x_wconf 83' lang='lat' dir='ltr'><strong>vindicandum</strong></span> <span class='ocrx_word' id='word_1_355' title='bbox 973 2934 1184 2968; x_wconf 83' lang='lat' dir='ltr'><strong>malificium.</strong></span> <span class='ocrx_word' id='word_1_356' title='bbox 1465 2932 1479 2955; x_wconf 78' lang='lat'>⁸</span> <span class='ocrx_word' id='word_1_357' title='bbox 1496 2934 1534 2968; x_wconf 84' lang='lat' dir='ltr'><strong>O.</strong></span> <span class='ocrx_word' id='word_1_358' title='bbox 1552 2933 1594 2967; x_wconf 86' lang='lat' dir='ltr'><strong>E.</strong></span> <span class='ocrx_word' id='word_1_359' title='bbox 1612 2934 1684 2967; x_wconf 84' lang='lat' dir='ltr'><strong>add</strong></span> <span class='ocrx_word' id='word_1_360' title='bbox 1699 2933 1834 2967; x_wconf 85' lang='lat' dir='ltr'><strong>habuit.</strong></span> 
     </span>
    </p>
   </div>
   <div class='ocr_carea' id='block_1_7' title="bbox 446 2979 1774 3017">
    <p class='ocr_par' dir='ltr' id='par_1_10' title="bbox 446 2979 1774 3017">
     <span class='ocr_line' id='line_1_43' title="bbox 446 2979 1774 3017; baseline -0.002 -1"><span class='ocrx_word' id='word_1_361' title='bbox 446 2982 461 3004; x_wconf 81' lang='lat'>⁹</span> <span class='ocrx_word' id='word_1_362' title='bbox 477 2983 517 3017; x_wconf 90' lang='grc' dir='ltr'><strong>Β.</strong></span> <span class='ocrx_word' id='word_1_363' title='bbox 535 2982 765 3017; x_wconf 87' lang='lat' dir='ltr'><strong>retroducere.</strong></span> <span class='ocrx_word' id='word_1_364' title='bbox 893 2981 922 3004; x_wconf 82' lang='lat'><strong>¹⁰</strong></span> <span class='ocrx_word' id='word_1_365' title='bbox 938 2981 976 3015; x_wconf 86' lang='lat' dir='ltr'><strong>C.</strong></span> <span class='ocrx_word' id='word_1_366' title='bbox 994 2982 1036 3016; x_wconf 85' lang='lat' dir='ltr'><strong>D.</strong></span> <span class='ocrx_word' id='word_1_367' title='bbox 1055 2982 1094 3014; x_wconf 81' lang='lat' dir='ltr'><strong>E.</strong></span> <span class='ocrx_word' id='word_1_368' title='bbox 1113 2982 1158 3015; x_wconf 90' lang='lat' dir='ltr'><strong>in.</strong></span> <span class='ocrx_word' id='word_1_369' title='bbox 1445 2979 1471 3002; x_wconf 87' lang='lat'><strong>¹¹</strong></span> <span class='ocrx_word' id='word_1_370' title='bbox 1489 2980 1526 3014; x_wconf 84' lang='lat' dir='ltr'><strong>C.</strong></span> <span class='ocrx_word' id='word_1_371' title='bbox 1546 2981 1584 3015; x_wconf 83' lang='lat' dir='ltr'><strong>E.</strong></span> <span class='ocrx_word' id='word_1_372' title='bbox 1603 2982 1684 3015; x_wconf 77' lang='lat' dir='ltr'><strong>omit</strong></span> <span class='ocrx_word' id='word_1_373' title='bbox 1699 2981 1774 3014; x_wconf 90' lang='lat' dir='ltr'><strong>hoc.</strong></span> 
     </span>
    </p>
   </div>
  </div>
 </body>
</html>
