2008 3360
758 334 886 365 LIBER
905 331 1109 365 OCTAVUS.
1607 329 1655 366 12
1665 329 1686 366 9

183 439 310 483 titulo
329 440 392 482 De
410 443 570 483 natura
587 439 719 495 feodi,
740 439 926 495 capitulo
954 439 1101 495 primo,
1127 438 1174 481 in
1202 438 1296 482 fine.
1357 438 1522 481 Dicunt
1542 443 1688 482 tamen

181 499 257 541 isti
277 499 400 554 quod,
421 499 459 540 si
478 499 532 541 ad
551 499 859 540 successionem
877 499 996 553 regni
1016 498 1182 548 Scociae,
1202 498 1249 539 in
1269 511 1352 552 quo
1382 512 1496 540 nunc
1521 499 1686 540 contin-

182 557 257 612 git,
277 557 347 599 vel
367 557 509 608 simili,
529 561 704 611 optenta
732 556 860 598 fuerit
889 557 1149 598 consuetudo
1179 560 1302 606 certa,
1321 556 1397 598 illa
1417 556 1689 607 consuetudo,

179 615 463 669 praetermissa
491 614 608 656 omni
636 614 739 670 lege,
759 614 966 656 servanda
995 619 1085 666 est;
1114 614 1183 656 sin
1212 619 1366 664 autem,
1386 614 1686 656 recurrendum

182 678 249 714 est
264 673 318 714 ad
337 672 689 715 consuetudinem
708 672 945 714 vicinorum
964 671 1216 728 regnorum,1
1237 685 1343 726 quae,
1358 672 1405 713 in
1420 685 1520 714 casu
1536 673 1588 714 de
1603 686 1687 727 quo

179 730 330 786 agitur,
364 745 451 772 non
479 730 620 772 valeat
648 730 833 772 inveniri
845 745 856 782 ;
881 734 957 771 aut
985 729 1284 772 recurrendum
1313 735 1378 772 est
1407 730 1461 772 ad
1490 730 1603 785 leges
1633 731 1686 772 de

180 788 328 830 usibus
367 789 594 838 feodorum,
631 801 707 843 per
746 800 852 842 quas
891 787 1176 829 excluduntur
1214 801 1359 830 omnes
1398 793 1603 843 petentes,
1643 793 1688 830 et

181 846 430 888 devolutum
459 851 524 888 est
552 859 728 901 regnum
757 845 811 886 ad
831 844 1052 886 dominum
1072 846 1353 900 superiorem3
1380 851 1455 887 aut
1473 860 1686 888 recurren-

181 904 284 945 dum
305 909 371 946 est
399 904 453 946 ad
481 904 594 959 leges
622 916 865 945 communes
895 907 939 944 et
967 903 1217 958 imperiales,
1237 917 1312 958 per
1341 917 1446 959 quas
1476 904 1686 946 successio

178 962 233 1004 ad
252 962 403 1004 liniam
423 961 706 1004 collateralem
735 960 848 1002 ultra
877 960 1026 1002 fratres
1057 961 1190 1002 dilata
1217 966 1259 1003 et
1279 962 1457 1003 fratrum
1477 962 1598 1013 filios,
1618 963 1684 1003 in-

179 1019 422 1061 dubitanter
455 1020 641 1061 defertur
674 1018 967 1073 propinquiori
1005 1019 1052 1059 in
1090 1019 1232 1073 gradu,
1266 1019 1599 1074 primogenitura
1638 1021 1686 1061 in

178 1077 262 1119 alia
292 1091 469 1132 persona
499 1091 586 1118 non
617 1077 821 1118 obstante.
881 1076 1088 1131 Magister
1118 1090 1217 1118 vero
1248 1077 1277 1118 J
1281 1077 1467 1119 ohannes
1499 1078 1552 1119 de
1584 1078 1684 1119 For-

177 1135 365 1186 calcaria‚
378 1135 578 1190 magister
597 1134 803 1189 Syrardus
825 1134 956 1189 Pagii,
972 1134 1172 1189 magister
1191 1135 1419 1176 Reverius²
1439 1135 1491 1177 de
1511 1136 1684 1178 Floren-

176 1193 253 1243 cia,
273 1193 474 1243 doctores,
493 1193 540 1234 in
560 1192 739 1234 decretis
769 1192 919 1234 dicunt
939 1192 1064 1246 quod,
1085 1191 1196 1233 tam3
1215 1193 1310 1247 jure
1332 1193 1533 1234 canonico
1555 1208 1684 1248 quam

175 1250 304 1301 civili,
321 1264 375 1293 ex
395 1265 478 1305 quo
497 1250 571 1292 isti
590 1255 782 1305 petentes
804 1254 905 1292 sunt
925 1250 1182 1305 attingentes
1202 1250 1289 1306 regi
1308 1250 1461 1292 ultimo
1482 1251 1683 1293 defuncto

171 1308 219 1350 in
247 1308 353 1351 linia
377 1308 621 1360 collaterali,
641 1312 684 1351 et
704 1308 837 1350 eciam
858 1307 997 1362 qu0d⁴
1017 1312 1118 1349 sunt
1137 1308 1250 1350 ultra
1270 1308 1418 1350 fratres
1440 1313 1482 1350 et
1501 1309 1682 1351 fratrum

171 1366 293 1417 filios,
323 1381 410 1408 non
435 1371 600 1408 attenta
627 1366 958 1422 primogenitura
987 1365 1142 1421 aliqua,
1168 1366 1444 1421 propinquior
1472 1367 1519 1408 in
1547 1367 1681 1422 gradu

172 1425 402 1479 praefertur.
464 1424 587 1475 Quod
617 1429 682 1466 est
709 1438 870 1474 verum,
889 1424 985 1475 nisi,
1004 1424 1050 1465 in
1079 1424 1172 1467 loco
1203 1424 1255 1466 de
1285 1438 1369 1479 quo
1393 1425 1542 1480 agitur,
1563 1425 1681 1467 aliud

172 1482 226 1524 de
256 1482 561 1525 consuetudine
589 1482 709 1538 regni
737 1482 1009 1536 observetur;
1036 1496 1137 1524 nam
1167 1483 1428 1525 consuetudo
1451 1484 1683 1539 approbata

171 1539 219 1582 in
237 1539 330 1583 loco
349 1554 426 1583 suo
444 1541 665 1596 praefertur
684 1540 801 1582 omni
820 1539 923 1596 lege.

262 1764 477 1821 Sequitur
495 1765 543 1811 hz
562 1766 728 1818 nnhm;
757 1765 960 1811 het-tntum
978 1779 1059 1822 mn
1077 1779 1168 1822 τεῳ
1188 1765 1504 1821 &ahma-et.
1527 1767 1584 1813 ix.

169 1865 517 1932 »OMINUS
536 1884 780 1927 Willelmus
801 1885 950 1935 Bonet,
970 1898 1161 1926 summus
1185 1884 1331 1927 doctor
1345 1885 1454 1940 juris
1475 1886 1678 1937 canonici,

169 1941 276 1984 dicit
305 1943 430 1997 quod,
451 1943 488 1984 si
512 1943 644 1985 altera
673 1943 858 1985 filiarum
887 1943 1053 1985 comitis
1082 1943 1226 1984 David
1256 1944 1561 1997 supervixisset
1589 1945 1678 2000 regi

168 1999 414 2042 Alexandro
434 2001 587 2043 ultime
607 2001 819 2052 defuncto,
840 2001 893 2043 ad
913 2001 1052 2056 ipsam
1067 2005 1110 2043 et
1126 2001 1216 2055 ejus
1231 2002 1524 2055 posteritatem
1538 2006 1674 2044 trans-

167 2057 324 2099 feretur
344 2059 551 2101 successio
572 2059 677 2101 dicti
695 2060 814 2115 regni
831 2074 840 2100 z
874 2059 912 2100 si
931 2063 1074 2101 autem
1103 2063 1253 2100 neutra
1268 2059 1434 2101 earum⁶
1454 2060 1567 2101 dicto
1586 2061 1675 2116 regi

166 2116 480 2169 supervixisset,
500 2121 604 2158 tunc
632 2117 715 2159 iste
744 2117 797 2159 de
817 2116 981 2158 duobus
1009 2117 1255 2171 petentibus
1282 2117 1357 2171 qui
1375 2117 1515 2171 prius⁶
1535 2118 1674 2169 esset,⁷

167 2173 270 2227 quia
314 2173 375 2214 sic
415 2173 507 2228 ipse
537 2173 650 2216 dicto
679 2174 767 2229 regi
800 2174 936 2229 prius⁶
967 2174 1104 2216 factus
1135 2178 1200 2216 est
1234 2180 1447 2229 cognatus,
1481 2175 1585 2218 licet
1619 2190 1672 2218 ex

166 2230 352 2272 secunda
372 2235 509 2273 sorore
529 2233 788 2285 processerit,
803 2232 850 2273 in
866 2232 1128 2273 successione
1148 2232 1253 2273 dicti
1272 2233 1390 2286 regni
1410 2237 1553 2274 tamen
1567 2248 1673 2288 prae-

162 2288 361 2330 ferendus
381 2292 457 2330 est.
517 2288 586 2330 Ad
609 2289 722 2343 quod
749 2294 813 2331 est
841 2294 1015 2331 auctum
1044 2288 1441 2345 quasifexpressum‚
1459 2290 1672 2345 loquendo

164 2346 217 2388 de
237 2345 501 2388 successione
530 2351 803 2401 cognatorum
826 2360 879 2388 ex
909 2351 1146 2388 transverso
1175 2347 1454 2390 veniencium.
1515 2349 1672 2404 Regin-

163 2403 287 2445 aldus
320 2404 499 2454 Barbon,
533 2404 718 2446 ballivus
750 2404 1036 2454 Normanniae,
1071 2404 1302 2446 declinavit
1335 2405 1381 2446 in
1411 2408 1671 2450 sentenciam

164 2461 314 2503 decani
333 2462 588 2503 Turonensis
607 2462 655 2503 in
674 2461 764 2512 hoc,
783 2462 862 2504 viz.
884 2462 1008 2516 quod,
1029 2461 1066 2503 si
1085 2475 1211 2517 super
1230 2464 1492 2506 successione
1514 2465 1566 2507 de
1586 2480 1671 2521 qua

162 2519 301 2574 agitur
320 2519 367 2561 in
386 2519 575 2574 personis
594 2533 741 2575 regum
762 2520 917 2561 Scociae
936 2524 1049 2562 certa
1068 2519 1196 2562 fuerit
1208 2525 1382 2575 optenta
1397 2524 1669 2574 consuetudo,

162 2576 257 2631 ipsa
287 2581 352 2619 est
383 2578 556 2619 omnino
588 2577 848 2619 observanda
863 2592 874 2630 ;
918 2582 961 2619 et
993 2591 1080 2619 non
1113 2578 1333 2620 observata
1364 2582 1669 2624 consuetudine

162 2639 339 2688 optenta
357 2635 404 2677 in
423 2635 757 2677 successionibus
786 2635 1001 2686 comitum,
1020 2635 1238 2687 baronum,
1258 2641 1301 2679 et
1324 2637 1504 2679 aliorum
1525 2640 1669 2680 subdi-

163 2696 305 2733 torum
324 2693 514 2748 ejusdem
528 2693 655 2748 regni.
708 2693 831 2744 Quod
846 2693 883 2735 si
898 2693 945 2734 in
959 2693 1148 2748 personis
1162 2708 1320 2750 regum,
1335 2709 1419 2750 quo
1435 2696 1489 2737 ad
1504 2710 1668 2739 succes-

163 2749 338 2801 sionem,
353 2751 458 2793 dicti
476 2752 604 2806 regni,
624 2751 744 2793 nulla
763 2751 891 2793 fuerit
910 2756 1085 2806 optenta
1104 2753 1364 2794 consuetudo
1379 2753 1426 2794 in
1441 2767 1541 2795 casu
1561 2768 1668 2809 prae-

162 2807 293 2848 misso
319 2807 390 2850 vel
427 2809 650 2860 consimili,
679 2813 782 2851 tunc
810 2809 1109 2852 recurrendum
1138 2814 1204 2852 est
1233 2810 1287 2852 ad
1316 2811 1667 2853 consuetudinem

210 2937 222 2959 ¹
240 2950 424 2981 regnorum
441 2942 475 2974 in
491 2943 628 2984 marqin
645 2942 741 2976 later.
898 2941 912 2963 ²
931 2943 966 2976 C.
988 2944 1032 2977 D.
1050 2944 1089 2976 E.
1113 2944 1291 2977 Renerius.
1459 2943 1473 2964 3
1490 2944 1526 2976 C.
1545 2944 1627 2985 jam.

208 2984 221 3006 ⁴
239 2986 278 3018 B.
296 2987 366 3029 qui.
463 2986 477 3008 ⁵
494 2989 529 3021 C.
550 2990 587 3022 E.
608 2989 755 3022 illarum.
898 2989 913 3010 ⁶
929 2991 964 3023 O.
984 2990 1022 3024 E.
1041 2991 1183 3034 primus.
1296 2989 1309 3012 7
1327 2990 1362 3024 Ο.
1382 2991 1420 3023 Ε.
1439 2991 1511 3023 add
1527 2995 1640 3024 natus.

906 3047 923 3078 1
