2008 3360
491 832 705 890 §aquitae
724 833 771 879 he
790 834 987 882 tonflittu
1006 836 1054 882 he
1073 836 1418 894 zlnzlgngJ-—Q
1440 838 1635 895 primum.

314 932 522 997 posi*
541 950 702 994 bellum
730 951 946 1006 perditum
974 953 1089 1009 apud
1108 954 1285 998 Variam
1305 955 1534 1011 Capellam,
1552 969 1627 998 rex
1646 954 1815 1012 Angliae

316 1007 377 1050 et²
395 1022 449 1051 ex
468 1013 588 1065 parte
616 1009 768 1052 boriali
796 1024 918 1065 aquae
948 1010 1000 1054 de
1029 1012 1162 1054 Forth
1190 1014 1467 1068 personaliter
1486 1028 1573 1056 non
1591 1014 1711 1056 venit
1739 1027 1815 1069 pro

315 1070 444 1119 tunc;
474 1066 549 1109 sed
568 1067 687 1109 misit
706 1068 947 1123 potenciam
967 1069 1070 1112 satis
1089 1084 1297 1126 magnam,
1317 1086 1412 1127 quae
1431 1076 1568 1114 totam
1586 1075 1742 1114 terram
1762 1071 1814 1114 de

315 1124 409 1166 Fife
429 1138 527 1167 cum
547 1125 743 1168 omnibus
763 1126 1054 1181 adjacentibus
1073 1129 1194 1170 terris
1214 1129 1329 1172 villae
1347 1129 1401 1172 de
1421 1130 1562 1180 Perth,
1580 1129 1815 1172 interfectis

314 1181 508 1236 pluribus
528 1182 718 1238 ipsarum
737 1186 944 1226 terrarum
958 1185 1119 1236 incolis,
1135 1186 1443 1242 depraedabant.
1504 1187 1599 1238 Qua
1617 1186 1814 1243 potencia

314 1253 491 1291 reversa,
511 1240 650 1283 dictus
669 1254 744 1283 rex
773 1255 872 1284 cum
900 1243 1052 1297 praedis
1082 1244 1316 1287 innumeris
1342 1248 1386 1287 et
1403 1248 1529 1301 gente
1548 1259 1626 1287 sua
1645 1244 1699 1287 ad
1717 1257 1815 1299 pro-

314 1297 408 1352 pria
425 1298 638 1341 remeavit.
699 1298 823 1349 Quod
837 1312 863 1341 a
876 1300 970 1342 Deo
985 1300 1146 1343 factum
1165 1315 1256 1344 esse
1275 1316 1361 1345 non
1381 1303 1671 1358 ambi[gi]tur:
1701 1316 1814 1352 nam,

315 1355 353 1396 si
372 1358 487 1406 tunc,
506 1355 576 1397 vel
595 1359 692 1410 post
720 1356 965 1401 conflictum
984 1357 1036 1400 de
1055 1358 1236 1402 Dunbar
1254 1363 1298 1402 et
1316 1360 1425 1416 regis
1445 1361 1474 1403 J
1477 1361 1655 1403 ohannis
1675 1359 1813 1415 capci-

314 1425 451 1463 onem,
482 1426 642 1455 moram
675 1413 723 1455 in
755 1415 894 1469 patria
925 1415 1136 1468 traxisset,
1166 1421 1302 1459 totam
1339 1421 1494 1460 terram
1526 1418 1682 1460 Scooiae
1716 1431 1814 1459 cum

315 1469 642 1513 habitatoribus⁸
661 1475 736 1514 aut
755 1485 832 1514 suo
855 1473 1123 1528 subjugasset
1150 1474 1341 1530 imperio,
1361 1479 1436 1517 aut
1455 1476 1644 1526 eandem,
1662 1478 1816 1531 praeter

315 1541 446 1582 aquas
481 1531 524 1570 et
557 1528 731 1583 lapides,
765 1533 815 1571 ut
848 1533 1036 1585 putatur,
1069 1535 1234 1574 vastam
1267 1532 1529 1576 reddidisset.
1589 1533 1683 1584 Sed,
1714 1532 1816 1588 quia

315 1585 486 1627 aliunde
519 1586 754 1641 plurimum
787 1591 1030 1643 occupatus,
1063 1603 1151 1631 non
1179 1591 1322 1645 potuit
1355 1591 1409 1633 ad
1438 1591 1580 1633 omnia
1614 1590 1743 1633 simul
1771 1593 1815 1632 et

315 1643 447 1685 semel
466 1643 696 1687 intendem.
757 1645 978 1688 Redeunte
997 1646 1128 1702 igitur
1146 1648 1221 1690 illo
1242 1662 1339 1691 cum
1369 1649 1458 1691 suis
1487 1649 1706 1700 ministris,
1725 1648 1815 1690 offi-

314 1700 467 1751 ciariis,
487 1704 530 1743 et
550 1705 781 1744 castrorum
800 1703 1046 1747 custodibus
1074 1705 1122 1746 in
1141 1705 1288 1749 Scocia
1306 1706 1371 1748 iii⁴
1391 1707 1584 1762 partibus
1603 1706 1681 1749 viz.
1702 1706 1816 1748 ultra

314 1758 447 1800 Forth
475 1760 730 1812 constitutis,
754 1774 850 1815 quae
878 1774 976 1816 pars
1005 1763 1154 1817 patriae
1184 1777 1233 1806 eo
1261 1767 1366 1807 tunc
1394 1764 1581 1820 plenarie
1610 1777 1686 1807 suo
1716 1764 1816 1806 sub-

310 1816 478 1871 jacebat
498 1816 698 1868 dominio,
717 1819 864 1873 paucis
895 1820 1084 1875 exceptis
1114 1821 1312 1864 exulibus
1342 1822 1395 1864 de
1423 1822 1599 1865 nacione
1618 1835 1814 1864 verorum

316 1874 536 1916 Scotorum
555 1875 602 1916 in
622 1875 742 1918 silvis
762 1876 1012 1932 degentibus
1043 1882 1086 1920 et
1114 1878 1162 1920 in
1181 1880 1371 1922 cavernis
1390 1880 1562 1934 rupium
1582 1883 1624 1921 et
1645 1878 1814 1922 conval-

314 1932 423 1973 lium
455 1932 738 1985 latitantibus,
763 1935 850 1989 qui,
878 1938 1051 1990 propter
1085 1936 1219 1979 caedes
1251 1941 1295 1980 et
1329 1937 1514 1992 dampna
1544 1941 1634 1979 tam
1661 1936 1812 1992 Anglis

315 2003 445 2045 quam
485 1990 622 2032 Scotis
660 1990 900 2046 Anglicatis
938 1992 1072 2044 illata,
1111 1998 1255 2049 aperte
1302 1995 1349 2036 in
1398 1998 1626 2050 conspectu
1664 1994 1814 2050 populi

314 2061 552 2102 comparere
586 2062 674 2090 non
711 2049 956 2103 audebant3
1004 2050 1089 2093 hiis
1123 2055 1266 2094 autem
1299 2053 1561 2108 temporibus
1595 2053 1625 2095 J
1627 2052 1814 2095 ohannes

316 2105 497 2160 Cumyn,
536 2109 677 2149 custos
718 2106 875 2149 Scociae
911 2109 1180 2164 praecipuus‚⁶
1223 2113 1267 2152 et
1311 2110 1437 2162 filius,
1481 2124 1580 2153 cum
1629 2111 1814 2166 Symone

314 2163 480 2205 Frasier
511 2163 651 2206 dictus
682 2165 855 2216 Fresail,
886 2165 1077 2209 bellicosi
1106 2167 1200 2220 viri,
1233 2168 1396 2210 strenui
1430 2172 1474 2211 et
1505 2168 1622 2210 omni
1653 2168 1813 2211 virtute

314 2221 493 2275 praediti,
538 2235 637 2264 cum
681 2236 826 2264 eorum
859 2223 1095 2266 fautoribus
1135 2230 1179 2268 et
1222 2226 1483 2281 sequacibus,
1514 2226 1583 2269 die
1612 2239 1660 2268 ac
1689 2230 1812 2268 nocte

312 2279 526 2332 praedictis
559 2279 668 2335 regis
698 2279 867 2336 Angliae
900 2281 1118 2334 ministris,
1151 2283 1321 2327 ballivis
1354 2287 1398 2326 et
1437 2284 1682 2326 custodibus
1723 2296 1813 2325 cas-

313 2339 475 2378 trorum
508 2337 771 2389 insidiantes,
800 2339 1012 2393 praedictis
1043 2340 1235 2395 Anglicis
1270 2341 1372 2384 satis
1404 2346 1524 2384 erant
1554 2340 1732 2391 molesti,
1762 2354 1811 2383 ac

314 2393 458 2445 eciam,
478 2399 529 2437 ut
554 2396 839 2450 praemittitur,
860 2396 996 2440 Scotis
1025 2398 1275 2453 Anglicatis‚
1295 2413 1370 2455 per
1398 2403 1579 2455 quatuor
1607 2411 1738 2441 annos
1768 2401 1812 2440 et

313 2451 437 2501 ultra,
456 2465 532 2506 per
559 2457 730 2496 mutuas
760 2454 906 2505 caedes,
925 2454 1090 2511 flagella
1117 2460 1160 2498 et
1188 2461 1400 2499 tormenta
1418 2457 1534 2499 varia
1553 2470 1598 2499 se
1625 2455 1810 2497 invicem

315 2508 558 2564 affligentes.
619 2511 729 2553 Cum
757 2511 837 2554 hoc
856 2526 955 2555 vero
984 2513 1236 2556 nunciatum
1261 2514 1412 2557 fuisset
1439 2514 1527 2569 regi
1555 2512 1811 2568 Edwar[do],

314 2566 528 2621 quendam
556 2569 804 2611 notabilem⁶
830 2569 1023 2622 militem,
1052 2571 1100 2613 in
1129 2572 1255 2614 armis
1285 2576 1516 2622 strenuum,
1535 2570 1811 2625 Radulphum

316 2623 500 2679 Confi-ey
528 2625 710 2676 nomine,
738 2640 836 2668 cum
864 2628 1052 2670 exercitu
1080 2643 1167 2671 non
1193 2629 1357 2671 modico
1386 2630 1433 2671 in
1459 2629 1648 2671 Scociam
1673 2631 1811 2671 trans-

377 2747 390 2769 1
407 2748 446 2782 B.
463 2748 506 2782 D.
525 2748 669 2792 Roslyn.
720 2749 757 2783 O.
776 2749 814 2783 E.
833 2750 917 2784 have
933 2752 1002 2785 Hic
1026 2756 1277 2796 consequenter
1292 2755 1458 2787 secuntur
1473 2753 1626 2796 capitula
1648 2753 1731 2787 libri
1746 2754 1782 2787 ix
1797 2767 1807 2795 ;

316 2798 353 2828 et
380 2795 492 2839 primo
521 2795 566 2828 de
591 2795 755 2829 conflictu
781 2796 825 2830 de
853 2797 1008 2841 Roslyne
1035 2801 1219 2833 commisso
1245 2811 1336 2833 anno
1365 2800 1505 2833 Domini
1532 2800 1715 2834 millesimo
1739 2805 1810 2835 000ο

317 2842 478 2875 secundo.
1085 2844 1100 2867 2
1115 2846 1153 2879 B.
1173 2846 1208 2880 O.
1229 2846 1268 2880 E.
1287 2848 1368 2879 omit
1383 2849 1428 2880 et.
1478 2847 1520 2882 D.
1541 2847 1604 2881 Ῐιαε
1619 2851 1656 2881 et
1670 2848 1806 2883 deleted.

379 2888 393 2910 ³
409 2889 445 2922 O.
464 2889 503 2922 E.
522 2889 774 2924 habitantibus.
1084 2890 1099 2913 4
1114 2892 1153 2926 B.
1172 2893 1207 2926 O.
1227 2893 1270 2927 D.
1289 2893 1327 2927 E.
1346 2893 1392 2927 in.

378 2934 393 2956 ⁵
411 2935 446 2972 G.
465 2936 506 2970 E.
523 2936 763 2980 praecipperus.
1084 2936 1099 2960 θ
1115 2939 1154 2974 Β.
1173 2939 1210 2974 C.
1228 2940 1271 2974 D.
1290 2940 1329 2974 E.
1347 2940 1507 2974 nobilem.
