2014 3354
651 318 870 349 APPENDIX
890 319 942 350 TO
964 319 1164 350 PREFAGE.
1543 323 1663 351 XXXV

155 423 355 479 Sequitur
385 422 437 465 de
458 423 658 478 Fergusio
688 424 775 466 filio
801 424 909 466 Erth
939 424 1072 466 Pictis
1103 425 1342 479 conjuncto,
1361 439 1539 481 regnum
1569 424 1665 467 dolo

270 490 430 532 tiranni
468 490 653 532 Maximi
691 504 767 545 per
806 491 1019 532 Romanos
1061 495 1104 533 et
1145 491 1340 533 Britones
1385 492 1667 548 quadraginta

270 557 406 599 tribus
427 557 551 599 annis
572 557 794 599 detentum
813 562 1098 612 recuperante.
1237 557 1493 612 OEapitulnm
1512 557 1560 602 ii.

342 641 426 674 Post
442 642 579 684 lapidea
599 642 650 683 (ib.
669 652 703 684 p.
724 643 780 682 88,
798 642 820 674 1.
843 644 913 683 26),
932 653 1009 685 quae
1028 641 1157 674 dicitur
1174 641 1342 675 Stanmur
1358 642 1511 675 additur.

342 697 424 731 Post
440 697 636 730 omittimus
655 697 707 738 (ib.
726 697 748 729 L
771 698 840 738 32),
859 699 895 729 et
912 697 958 730 ad
975 696 1083 730 libros
1099 697 1276 730 Hiberniae
1293 697 1457 741 antiquos
1473 696 1665 731 referimus.

159 787 360 842 Sequitur
390 787 442 828 de
472 786 722 828 crudelitate
753 786 884 827 cladis
915 800 989 840 per
1009 786 1151 828 Pictos
1172 789 1215 828 et
1246 786 1392 828 Scotos
1422 786 1554 828 illatae
1575 785 1669 827 Bri-

273 853 456 902 tonibus,
473 856 515 894 et
535 852 587 894 de
604 852 795 893 Romana
814 852 991 906 legione,
1012 856 1055 894 et
1076 853 1127 894 de
1148 853 1430 895 aedificacione
1451 853 1575 895 fossae
1594 866 1670 908 per

271 919 469 969 insulam,
489 932 583 974 quae
598 923 775 960 vocatur
795 918 955 960 Grimis
977 918 1075 973 dyk.
1239 918 1493 973 OEapitulum
1512 918 1579 962 iii.

161 1020 362 1075 Sequitur
401 1019 453 1061 de
492 1019 671 1060 victoria
711 1019 913 1060 Romanae
952 1018 1131 1073 legionis
1172 1025 1215 1061 et
1254 1020 1481 1061 Britonum
1525 1023 1671 1062 contra

274 1087 420 1129 Scotos
451 1091 494 1128 et
515 1086 656 1127 Pictos
687 1086 734 1126 in
754 1085 877 1135 bello,
898 1085 973 1126 ubi
1001 1085 1156 1127 cecidit
1188 1085 1327 1128 dictus
1348 1100 1423 1128 rex
1443 1086 1671 1142 Fergusius

274 1167 372 1196 cum
392 1167 545 1208 magna
563 1156 683 1208 parte
705 1152 927 1194 Scotorum
948 1156 991 1195 et
1012 1153 1242 1195 Pictorum.

1239 1218 1494 1273 OEapitnlum
1514 1218 1600 1262 iiii.

161 1322 363 1377 Sequitur
397 1321 449 1363 de
485 1321 749 1363 successione
784 1321 863 1363 filii
898 1321 1136 1371 Ferchardi,
1172 1320 1246 1375 qui
1282 1335 1379 1362 cum
1420 1334 1499 1362 avo
1536 1320 1670 1375 Grym

275 1388 430 1430 evertit
461 1387 771 1442 Grymisdyke;
801 1391 844 1430 et
881 1388 933 1430 de
968 1388 1155 1430 secunda
1188 1388 1354 1443 legione
1384 1388 1671 1429 Romanorum

278 1456 424 1498 Scotos
445 1459 488 1497 et
508 1454 651 1496 Pictos
672 1454 846 1510 fugante
866 1455 1023 1497 iterum
1044 1455 1150 1497 citra
1170 1468 1370 1509 ampnem
1390 1454 1443 1496 de
1463 1455 1568 1510 Tyn.

1239 1520 1497 1575 capitulum
1515 1527 1552 1564 n.

164 1623 364 1677 Sequitur
399 1622 451 1664 de
485 1622 752 1676 reparacione
784 1622 898 1663 muri
934 1636 1061 1677 quem
1098 1622 1276 1664 Severus
1311 1622 1539 1677 imperator
1570 1622 1673 1664 olim

278 1689 466 1731 construi
492 1690 622 1743 jussit
642 1693 759 1730 trans
788 1689 975 1731 insulam
1005 1689 1116 1730 inter
1136 1689 1279 1731 Gattis
1299 1688 1425 1731 heide
1455 1694 1498 1731 et
1520 1688 1675 1740 Carlil3

279 1770 328 1798 ac
348 1756 400 1798 de
422 1756 563 1797 reditu
583 1756 774 1811 legionis,
796 1761 839 1798 et
859 1755 1067 1798 eleccione
1088 1755 1216 1810 primi
1236 1755 1345 1810 regis
1366 1756 1634 1797 Francorum.

1243 1820 1498 1875 Qlapitulum
1518 1820 1573 1863 ni.

352 1897 397 1930 In
404 1897 477 1939 fine
493 1897 632 1938 capituli
647 1897 715 1930 hoec
732 1896 909 1930 adduntur
923 1896 1050 1930 .·—Hic
1068 1895 1161 1929 enim
1178 1895 1445 1929 Pharamundus
1462 1895 1595 1939 primus
1612 1906 1674 1928 rex

399 1952 611 1985 Francorum
627 1951 708 1985 fuit.

168 2041 369 2097 Sequitur
389 2040 441 2082 de
463 2040 599 2082 Scotis
619 2053 790 2081 murum
811 2039 1141 2090 destruentibus,
1163 2043 1206 2081 et
1226 2039 1278 2081 de
1299 2039 1418 2081 clade
1434 2053 1563 2094 quam
1583 2039 1675 2081 Bri-

282 2107 455 2149 tonibus
475 2106 724 2148 intulerunt.
1246 2104 1500 2160 OEapitnlnm
1519 2104 1593 2149 nii.

355 2190 439 2223 Ροει
454 2201 555 2222 muro
577 2191 628 2231 (ib.
648 2201 681 2233 p.
703 2191 758 2230 93,
777 2189 798 2223 1.
817 2191 852 2230 4)
873 2189 1054 2222 destructo
1072 2190 1223 2224 additur.

171 2281 374 2336 Sequitur
390 2279 441 2321 de
463 2279 650 2320 adventu
667 2278 814 2320 Sancti
830 2278 1013 2320 Palladii
1033 2278 1079 2319 in
1096 2279 1298 2328 Scociam‚
1313 2278 1442 2333 primi
1458 2278 1679 2322 Scotorum

285 2346 485 2402 episcopi,
506 2345 606 2387 licet
626 2345 708 2387 fide
729 2345 805 2387 diu
825 2345 878 2387 ab
898 2349 1023 2387 antea
1044 2350 1332 2400 susceperunt.

1248 2411 1506 2466 OEapitulum
1527 2411 1619 2456 biii.

357 2498 442 2531 Post
459 2496 642 2540 episcopus
658 2495 712 2537 (ib.
732 2495 756 2529 l.
774 2496 832 2537 40)
847 2495 884 2529 in
900 2495 1055 2529 Scociam
1072 2496 1117 2529 ad
1134 2495 1238 2529 fidem
1254 2496 1511 2539 praedicandam
1528 2497 1678 2531 additur.

172 2595 374 2651 Sequitur
394 2594 447 2636 de
477 2593 626 2636 eodem
649 2593 805 2635 Sancto
826 2593 1017 2635 Palladio
1048 2598 1092 2635 et
1111 2593 1206 2635 aliis
1236 2594 1408 2644 sanctis,
1428 2597 1471 2636 et
1501 2593 1553 2636 de
1579 2594 1681 2636 mis-

288 2662 405 2704 sione
426 2661 575 2703 Sancti
590 2659 768 2702 Patricii
788 2659 842 2701 ad
863 2659 1127 2702 Hiberniam.
1248 2659 1505 2714 Qtapitnlnm
1525 2659 1581 2705 ix.

359 2745 432 2779 Pro
450 2743 602 2788 episcopi
620 2744 674 2785 (ib.
695 2755 728 2787 p.
748 2745 803 2785 95,
821 2743 844 2776 1.
863 2745 896 2785 2)
917 2743 1166 2787 archiepiscopi
1184 2744 1310 2786 leyitur.

175 2833 377 2889 Sequitur
406 2832 458 2874 de
489 2831 726 2887 dejeccione
755 2832 869 2873 muri
898 2845 973 2886 per
1003 2832 1149 2874 Scotos
1177 2835 1220 2874 et
1239 2831 1394 2882 Pictos,
1413 2835 1456 2873 et
1485 2831 1538 2874 de
1567 2831 1680 2874 unde

288 2913 444 2941 nomen
473 2898 662 2953 accepit3
692 2902 734 2940 et
754 2898 806 2940 de
837 2899 1103 2953 subjeccione
1124 2898 1349 2940 Britonum
1368 2898 1680 2940 Albanensium

289 2966 369 3008 sub
390 2965 555 3008 dicione
576 2965 807 3007 Scotorum.
1249 2963 1503 3019 Qlapitulum
1522 2978 1559 3008 x.
