2008 3360
331 303 412 342 280
838 312 964 344 mmm
984 312 1343 344 PLUSCARDENsrs.

329 417 463 458 Erant
482 416 596 460 enim
616 420 720 459 tunc
740 418 942 472 temporis
962 422 1047 459 tres
1077 420 1294 473 magnates
1326 417 1495 466 Scociae,
1513 416 1604 467 viz„
1635 417 1832 459 dominus

328 473 522 517 Andreas
557 475 609 517 de
649 475 853 525 Moravia,
893 475 1090 517 dominus
1129 488 1270 517 comes
1304 474 1356 517 de
1389 474 1606 525 Marchiis,
1636 475 1831 516 dominus

329 532 574 574 Willelmus
614 532 667 574 de
705 532 906 587 Douglas,
946 533 1023 587 qui
1052 532 1172 574 nullo
1201 532 1327 574 modo
1357 532 1411 574 ad
1441 532 1568 574 fidem
1597 532 1832 588 Anglorum

330 590 421 632 sive
460 590 668 632 Edwardo
697 590 751 632 de
781 590 963 632 Balliolo
993 590 1107 633 flecti
1135 594 1332 645 poterant
1357 605 1367 642 ;
1407 590 1481 632 sed
1501 589 1685 644 quadam
1710 589 1831 631 tolle-

328 648 471 690 rancia
510 651 553 690 et
591 648 868 702 permissione
897 648 943 690 in
976 648 1152 691 latebris
1184 647 1407 699 latitando,
1437 647 1623 690 melioris
1654 647 1833 689 fortunae

329 709 531 748 eventum
551 706 826 761 expectando,
846 706 1095 762 languentes
1115 706 1326 748 vixerunt.

455 886 670 942 §equitur
689 886 737 932 he
756 886 967 941 gablau,
989 901 1080 933 tum
1100 886 1529 933 incihzntihuzJ—OE.
1552 886 1719 932 xxxiiii,

330 962 650 1031 &UMQUE
669 979 884 1022 dominus2
900 980 1090 1023 Andreas
1109 980 1162 1023 de
1182 980 1376 1022 Moravia
1395 980 1630 1023 audivisset
1649 983 1837 1022 castrum

329 1051 455 1080 suum
475 1037 528 1080 de
548 1037 778 1093 Kildromy
789 1052 888 1080 cum
908 1039 999 1093 ejus
1020 1052 1151 1081 uxore
1171 1043 1214 1081 et
1234 1038 1378 1080 liberis
1399 1038 1628 1089 obsessum,
1648 1038 1836 1080 collectis

328 1095 561 1137 amicorum
580 1096 754 1146 viribus,
774 1096 985 1138 dictorum
1004 1097 1083 1138 viz.
1105 1096 1272 1139 comitis
1302 1096 1590 1138 Marchiarum
1610 1100 1653 1137 et
1673 1096 1836 1137 domini

328 1153 539 1195 Wfflelmi
558 1153 612 1196 de
631 1153 835 1209 Douglas,
863 1167 998 1209 usque
1027 1154 1081 1196 ad
1110 1167 1335 1196 numerum
1369 1154 1707 1208 octingentorum
1740 1167 1835 1208 pro-

327 1211 479 1253 borum
508 1211 707 1262 virorum,
726 1212 841 1266 apud
862 1212 1114 1266 praedictum
1133 1211 1276 1254 locum
1297 1225 1341 1253 se
1370 1211 1610 1253 festinando
1641 1211 1808 1265 paravit
1823 1227 1834 1262 ;

329 1272 383 1319 et,
418 1269 531 1311 facto
569 1282 795 1324 congressu
828 1269 973 1324 predie
1002 1269 1205 1311 kalendas
1239 1269 1487 1311 Decembris
1521 1268 1568 1310 in
1597 1269 1752 1310 foresta
1782 1268 1834 1310 de

328 1326 536 1377 Kilblein‚
556 1325 700 1381 ipsum
719 1327 918 1369 comitem
938 1326 1127 1368 Atholiae
1146 1340 1244 1369 cum
1264 1326 1455 1381 quinque
1474 1326 1666 1368 millibus
1696 1325 1834 1367 homi-

328 1398 434 1426 num
463 1388 507 1426 et
540 1384 724 1439 amplius
759 1384 918 1427 ibidem
952 1384 1232 1427 trucidabant.
1294 1384 1414 1425 Inter
1447 1397 1553 1438 quos
1592 1383 1835 1425 ceciderunt

328 1441 526 1484 dominus
566 1442 776 1484 Robertus
821 1442 958 1484 Brade
997 1445 1041 1484 et
1085 1442 1284 1484 dominus
1327 1441 1543 1483 Walterus
1574 1441 1756 1496 Gumyn,
1785 1454 1835 1483 ac

328 1500 423 1554 ejus
456 1499 596 1550 frater,
628 1499 826 1542 dominus
855 1499 1037 1542 Thomas
1059 1500 1241 1554 Cumyn,
1271 1499 1409 1554 primo
1438 1503 1588 1553 captus
1618 1503 1661 1541 et
1689 1502 1836 1553 postea

327 1557 604 1612 decapitatus.
664 1557 817 1600 Caeteri
836 1571 935 1599 cum
955 1557 1126 1599 domino
1147 1557 1330 1599 Roberto
1351 1556 1403 1598 de
1419 1556 1609 1599 Menzeis
1630 1556 1778 1611 fugati,
1790 1557 1837 1598 in

328 1620 443 1658 turre
462 1615 516 1657 de
536 1615 721 1657 Canmor
739 1619 933 1671 receptus
953 1620 1019 1658 est
1035 1630 1046 1667 ;
1074 1620 1128 1666 et,
1148 1615 1354 1666 obsessus,
1375 1614 1503 1657 rediit
1522 1614 1576 1656 ad
1588 1614 1837 1656 fidelitatem

328 1673 437 1728 regis
457 1672 613 1714 David.
672 1673 980 1728 Veneruntque
999 1673 1054 1715 ad
1066 1672 1230 1715 dictum
1245 1672 1467 1714 dominum
1481 1671 1696 1714 Andream
1709 1671 1838 1713 multi

327 1730 381 1773 de
410 1731 652 1785 proceribus
672 1731 832 1786 patriae,
852 1744 952 1773 cum
971 1731 1061 1773 suis
1073 1731 1221 1773 amicis
1241 1735 1285 1773 et
1297 1729 1574 1772 familiaribus
1587 1730 1692 1771 dicti
1709 1729 1837 1772 castri

327 1788 381 1831 de
402 1788 643 1844 Kildromy,
662 1802 761 1831 cum
792 1789 981 1844 quodam·
1007 1788 1142 1831 nobili
1172 1788 1311 1830 milite
1340 1786 1528 1830 domino³
1557 1788 1587 1830 J
1589 1787 1754 1829 ohanne
1784 1787 1836 1829 de

329 1846 460 1902 Crag.
451 1862 460 1871 ·
505 1847 628 1901 cujus
657 1846 818 1889 salubri
837 1847 1013 1889 consilio
1033 1860 1179 1889 omnes
1199 1846 1362 1888 nobiles
1382 1845 1529 1900 patriae
1549 1845 1624 1899 qui
1656 1845 1707 1887 de
1737 1858 1837 1886 con-

328 1904 450 1947 flictu
484 1905 738 1955 evaserunt‚⁴
772 1918 872 1947 cum
905 1905 1059 1947 comite
1089 1904 1143 1946 ad
1177 1903 1305 1945 fidem
1338 1903 1576 1958 Anglorum
1605 1902 1751 1953 coacti,
1781 1902 1837 1944 ad

328 1975 477 2018 pacem
496 1961 606 2017 regis
626 1962 782 2012 David,
801 1962 1026 2004 reformato
1046 1961 1264 2003 fidelitatis
1279 1961 1534 2016 juramento,
1555 1974 1630 2015 per
1658 1936 1836 2015 praedic-

330 2019 442 2063 tum⁵
471 2019 694 2061 dominum
722 2019 938 2062 Andream
968 2019 1127 2075 recepti
1154 2022 1265 2061 sunt.
1324 2018 1479 2060 Dictus
1508 2032 1607 2060 vero
1637 2017 1836 2059 dominus

329 2077 523 2120 Andreas
544 2077 599 2119 ad
618 2081 803 2119 castrum
822 2077 875 2120 de
906 2077 1047 2132 Cupro
1080 2077 1127 2118 in
1158 2076 1252 2118 Fife
1281 2076 1542 2132 perveniens,
1573 2075 1837 2117 obsidionem

329 2135 490 2178 ibidem
518 2135 745 2177 intendens
765 2135 984 2186 affirmare,
1004 2148 1100 2177 ecce
1120 2134 1323 2177 continuo
1342 2134 1477 2176 literae
1497 2147 1522 2175 a
1540 2147 1635 2189 rege
1648 2133 1836 2175 Franciae

330 2196 676 2248 supervenerunt.
735 2193 912 2248 Propter
930 2193 1045 2248 quod
1059 2192 1113 2235 ad
1127 2195 1296 2247 tempus
1312 2192 1575 2234 obsidionem
1589 2190 1836 2247 praedictam

330 2251 604 2306 prorogand0‚
642 2251 758 2306 apud
791 2251 1081 2306 Dunfermlyn
1111 2250 1338 2292 consilium
1368 2250 1580 2291 inierunt:
1620 2248 1707 2299 ubi,
1737 2261 1835 2290 cum

330 2322 540 2351 consensu
559 2309 752 2351 omnium
780 2323 1002 2364 procerum
1030 2312 1073 2351 et
1103 2308 1373 2363 praelatorum
1401 2307 1489 2362 regi
1517 2306 1661 2349 David
1691 2306 1834 2347 faven-

331 2366 458 2417 cium,
492 2371 635 2409 custos
674 2366 832 2409 Scociae
870 2367 1030 2409 electus
1069 2370 1144 2408 est.
1216 2366 1275 2407 Et
1313 2365 1515 2407 continuo
1553 2364 1666 2406 ultra
1694 2366 1834 2418 partes

330 2426 554 2466 montanas
573 2424 814 2479 procedens,
834 2427 971 2467 totam
999 2424 1181 2479 patriam
1201 2423 1255 2466 ad
1275 2423 1401 2465 fidem
1430 2422 1539 2478 regis
1559 2421 1703 2464 David
1723 2419 1832 2461 affir-

331 2481 478 2531 mavit,
499 2484 542 2522 et
566 2481 620 2523 ad
649 2485 836 2524 castrum
855 2482 909 2524 de
937 2481 1162 2536 Dundarg⁶
1181 2480 1467 2523 obsedendum
1496 2493 1541 2522 se
1570 2476 1832 2534 praeparavit,

331 2538 447 2593 quod
479 2538 607 2592 paulo
641 2543 740 2581 ante
775 2539 989 2581 Henricus
1018 2539 1072 2581 de
1101 2538 1223 2581 Bello
1253 2539 1404 2580 Monte
1434 2536 1741 2585 fortificaverat,
1772 2534 1833 2589 [et

332 2595 486 2650 totam]
507 2595 791 2638 Buchaniam⁷
810 2597 1132 2652 subjugaverat:
1163 2596 1239 2638 ubi
1259 2595 1398 2637 dictus
1420 2594 1631 2637 Henricus
1651 2592 1703 2634 de
1729 2605 1832 2647 pace

331 2652 563 2703 tractandO,
590 2652 719 2695 salvis
749 2654 872 2696 bonis
902 2658 945 2696 et
974 2654 1074 2704 vita,
1103 2654 1151 2695 in
1179 2653 1392 2708 Angliam,
1421 2663 1665 2705 nuncquam
1694 2663 1831 2691 rever-

395 2777 409 2800 ¹
426 2778 465 2813 O.
496 2778 536 2812 Ε.
563 2777 648 2812 have
673 2777 840 2822 Sequitur
863 2777 907 2810 de
934 2776 1102 2810 conflictu
1127 2776 1172 2810 de
1197 2775 1365 2817 Kilblein,
1386 2785 1467 2808 cum
1494 2773 1734 2807 incidentibus
1760 2773 1830 2807 sibi

330 2825 599 2870 pertinentibus.
880 2821 895 2844 ²
911 2823 948 2857 G.
966 2823 1094 2857 dictus.
1423 2820 1438 2843 ³
1454 2821 1492 2855 B.
1512 2822 1610 2854 omits
1626 2820 1777 2854 domino.

394 2871 409 2894 4
425 2873 463 2906 C.
482 2874 676 2905 evaserent.
878 2869 893 2891 5
910 2871 948 2904 Γ).
967 2870 1006 2904 Ε.
1025 2870 1169 2903 dictum.
1422 2866 1437 2889 ⁶
1454 2868 1489 2901 C.
1510 2868 1549 2900 E.
1568 2867 1750 2901 Dundark.

394 2918 408 2941 ⁷
425 2919 641 2953 Buchaniam
668 2918 919 2963 subjugaverat
945 2919 979 2951 in
1007 2919 1142 2959 marom
1170 2917 1265 2950 later.
1314 2915 1350 2949 C.
1378 2915 1417 2949 E.
1447 2914 1722 2958 Bouquhaniam.
1786 2915 1828 2948 D.

332 2966 580 3000 Bouchaniam.
