2008 3360
404 288 483 326 186
890 297 1016 327 mssa
1037 295 1396 327 PLUSCARDENSIS.

398 403 574 454 partem,
595 414 625 442 s.
646 400 875 442 Albaniam
904 399 1201 453 supradictam,
1221 404 1265 441 et
1283 399 1384 441 inde
1414 413 1567 442 nomen
1587 415 1634 444 ac
1654 402 1901 444 memoriam

398 457 623 500 Britonum
650 456 923 499 violabiliter1
954 456 1204 508 deluerunt;
1237 459 1279 498 et
1311 457 1484 507 notorie,
1513 458 1579 499 111>2
1607 459 1782 515 antiquo
1812 460 1900 501 dic-

397 517 492 556 tum
522 519 596 565 est,
617 515 752 569 ipsius
782 513 1024 555 monarchia
1043 513 1206 563 111811130,
1226 514 1264 555 81
1283 527 1368 568 qua
1391 514 1614 557 Britonum
1641 516 1734 567 fuit,
1755 531 1899 559 eorum

398 586 490 615 esse
520 573 646 614 desiit
674 585 748 627 per
773 571 974 626 temporis
1002 585 1256 626 processum,
1291 585 1368 613 nec
1402 572 1535 614 eciam
1568 586 1696 627 penes
1723 588 1900 630 regnum

397 630 557 686 Logriae
586 629 776 670 noscitur
804 629 1110 684 permansisse:
1143 642 1289 684 ymmo
1320 628 1374 670 ad
1406 629 1641 672 Romanam
1670 631 1900 682 ecclesiam,

397 692 488 729 tam
507 687 668 728 Divina
697 686 978 742 disposicione
1007 700 1137 741 quam
1166 687 1522 742 subsequencium
1541 687 1770 730 devocione
1798 690 1900 731 fide-

396 744 516 794 lium,
545 757 599 786 ex
633 744 743 786 dono
772 744 916 800 magni
949 744 1219 787 Constantini
1253 744 1544 787 indubitanter
1572 745 1828 800 pertransiit,
1857 751 1902 789 et

396 802 642 844 manifestet
661 802 817 844 residet
838 816 969 857 penes
999 802 1149 857 ipsam.
1211 802 1262 843 In
1285 802 1406 857 cujus
1428 803 1561 844 eciam
1590 803 1835 858 praejudicio
1853 804 1900 846 in

397 859 544 915 quam³
577 860 669 915 ipse
707 874 782 902 rex
816 860 986 915 Angliae
1018 860 1343 915 praesumpserit,
1377 860 1702 915 appropriando*
1734 861 1816 903 sibi
1853 862 1899 903 in

396 916 558 959 debito⁶
576 917 701 959 modo
727 917 862 972 ipsius
881 917 1033 960 insulae
1060 917 1360 969 monarchiam,
1380 931 1475 972 quae
1504 918 1608 960 non⁶
1625 932 1712 969 sua,
1731 918 1778 960 in
1796 932 1901 974 prae-

391 974 603 1029 judicium
632 975 832 1027 alienum,
852 979 895 1018 et
914 975 1221 1032 appropriando
1251 975 1332 1017 sibi
1351 976 1485 1018 eciam
1505 976 1557 1018 de
1576 990 1699 1027 novo,
1717 990 1794 1031 per
1811 977 1902 1019 vim

397 1036 441 1075 et
469 1037 643 1083 metum,
677 1047 855 1089 regnum
885 1033 1042 1075 Scociae
1075 1033 1351 1088 saepedictum
1381 1033 1643 1088 acephalum,
1673 1034 1771 1076 sede
1802 1048 1903 1090 apo-

394 1090 556 1141 stolica,
576 1091 711 1146 ipsius
726 1091 904 1133 dominii
916 1091 1075 1133 directa
1088 1091 1269 1141 domina,
1284 1095 1388 1133 tunc
1402 1094 1581 1133 vacante
1596 1096 1639 1133 et
1650 1091 1905 1143 inconsulta,

393 1148 596 1203 praedicta
615 1149 806 1191 Romana
826 1149 1001 1191 ecclesia
1021 1148 1123 1190 satis
1144 1151 1284 1203 potest
1312 1148 1528 1191 advertere
1549 1152 1592 1191 et
1610 1149 1752 1191 videre
1772 1163 1901 1204 quam

393 1220 521 1261 grave
550 1206 855 1249 detrimentum
884 1207 967 1262 ipsi
994 1206 1181 1248 ecclesiae
1212 1206 1346 1260 possit
1380 1220 1433 1248 ex
1462 1206 1542 1248 hoc
1571 1207 1791 1248 imminere
1823 1221 1900 1262 pro

390 1268 594 1319 tempore,
614 1265 651 1306 si
670 1265 717 1306 in
745 1264 839 1319 ipsa
866 1264 1008 1306 insula
1038 1263 1240 1305 Britaniae
1268 1277 1343 1305 rex
1370 1262 1579 1319 regnaret⁷
1598 1266 1761 1314 unicus,
1782 1267 1825 1305 et
1853 1265 1901 1306 in

392 1334 521 1376 regno
542 1322 699 1364 Scociae
718 1322 779 1364 810
800 1322 999 1363 obtentus
1021 1321 1155 1363 honor
1181 1324 1362 1363 cessaret
1389 1321 1607 1377 regiminis
1635 1321 1837 1372 indebite,
1857 1326 1901 1364 et

391 1378 528 1421 honor
560 1379 679 1435 regis.
752 1379 863 1430 Quia
897 1379 1053 1421 Scociae
1089 1378 1315 1434 [regnum]‚
1349 1379 1402 1420 ab
1437 1379 1540 1421 olim
1574 1393 1739 1434 semper
1770 1393 1899 1435 regno

390 1436 561 1492 Angliae
592 1437 806 1487 infestum,
826 1436 938 1478 nulli
966 1436 1139 1479 omnino
1167 1450 1314 1491 regum
1334 1436 1557 1478 Britonum
1587 1442 1662 1478 aut
1683 1437 1899 1479 Saxonum

391 1495 604 1537 subfuisse
632 1495 823 1537 noscitur
839 1494 912 1537 vel
930 1494 1143 1549 probatur,
1161 1494 1247 1535 nisi
1276 1498 1486 1548 quatenus
1514 1494 1642 1536 refert
1665 1494 1900 1549 antiquitas

391 1552 517 1607 quod,
547 1552 659 1595 sicut
691 1552 907 1594 Arthurus
942 1552 1025 1594 sibi
1058 1551 1254 1594 Daciam⁸
1287 1551 1532 1606 subjugavit
1561 1555 1604 1594 et
1639 1551 1824 1594 Galliam
1855 1556 1900 1595 et

389 1609 685 1666 Norowegiam
699 1624 774 1664 per
787 1609 1038 1664 potenciam,
1055 1610 1115 1651 sic
1131 1613 1174 1651 et
1189 1608 1320 1651 eciam
1338 1609 1538 1659 Scociam,
1553 1623 1629 1664 pro
1645 1623 1721 1652 8110
1741 1609 1899 1652 solum-

389 1668 517 1710 modo
529 1671 727 1723 tempore.
789 1667 883 1718 Quo
895 1671 1041 1709 tamen
1053 1666 1243 1709 Arthuro
1255 1680 1331 1722 per
1343 1666 1655 1722 Mo[r]dredum
1666 1671 1898 1722 perempto,

390 1725 529 1767 filium
548 1725 659 1767 Loth
683 1725 840 1767 Scociae
863 1725 983 1781 regis,
1002 1725 1049 1766 in
1077 1723 1207 1767 bello⁹
1238 1724 1478 1775 certamine,
1497 1725 1694 1767 restituta
1713 1725 1796 1766 fuit
1824 1738 1901 1780 per

389 1782 470 1825 hoc
501 1783 646 1826 Scocia
675 1783 722 1824 in
750 1786 922 1824 tantum
951 1796 1038 1825 81130
1066 1782 1256 1838 pristinae
1285 1782 1484 1825 libertati.
1544 1783 1668 1833 Item,
1688 1782 1899 1837 dejectis¹⁰

388 1844 537 1896 postea
576 1841 629 1884 de
668 1841 818 1896 Logria
857 1840 1104 1883 Britonibus
1141 1854 1218 1895 per
1256 1840 1455 1891 Saxones,
1493 1839 1592 1895 plus
1631 1839 1727 1882 dolo
1767 1854 1896 1895 quam

389 1898 597 1954 potencia,
612 1898 669 1950 vi,
683 1899 753 1941 vel
768 1912 979 1940 armorum
995 1898 1257 1948 strenuitate,
1270 1902 1314 1939 et
1328 1897 1467 1939 denuo
1482 1898 1626 1952 ejectis
1638 1911 1714 1952 per
1727 1897 1894 1939 Datos11

390 1956 443 1999 de
474 1957 621 1999 eodem
641 1970 768 2012 regno
798 1955 959 2011 Logriae
987 1956 1092 2011 ipsis
1123 1955 1373 2005 Saxonibus,
1393 1959 1436 1997 et
1458 1955 1612 1996 iterum
1642 1954 1801 1997 Datis¹2
1821 1969 1895 2010 op-

387 2015 544 2069 pressis
578 2014 678 2056 inde
712 2028 788 2069 per
821 2014 1019 2064 Saxones,
1053 2012 1164 2068 pro¹³
1188 2026 1316 2068 regno
1351 2012 1512 2068 Logriae
1546 2012 1718 2054 nomine
1753 2012 1814 2055 sic
1847 2013 1895 2054 111

387 2071 581 2128 Anglia¹⁴
610 2075 788 2122 mutato,
819 2070 979 2114 suum¹⁵
1011 2074 1157 2113 tamen
1190 2084 1345 2112 nomen
1375 2070 1533 2121 Scocia,
1567 2069 1645 2112 et¹⁶
1676 2071 1895 2113 Scotorum

387 2129 572 2186 populus
607 2133 768 2172 statum
801 2129 983 2171 liberum
1013 2128 1084 2171 vel
1113 2142 1280 2179 nomen,
1310 2141 1555 2183 nuncquam
1586 2128 1780 2179 mutavit,
1815 2128 1895 2170 sub

387 2191 509 2229 tanta
537 2187 657 2243 regni
683 2187 843 2242 Logriae
871 2186 1055 2228 nominis
1084 2186 1324 2228 mutacione
1354 2190 1398 2228 et
1426 2186 1660 2228 incolarum
1680 2185 1894 2240 ejusdem:

387 2259 534 2300 ymmo
548 2246 719 2287 firmum
738 2244 972 2300 permansit
978 2260 988 2297 ;
1008 2248 1052 2287 et
1070 2244 1299 2294 immobile,
1314 2243 1425 2285 nulli
1440 2243 1562 2286 alteri
1576 2244 1664 2299 regi
1680 2244 1896 2286 Saxonum

386 2303 458 2345 vel
476 2303 648 2358 Logriae,
663 2303 907 2353 Britanniae,
921 2302 991 2344 vel
1005 2301 1184 2358 Angliae,
1199 2301 1284 2343 nisi
1302 2305 1472 2344 tantum
1492 2301 1572 2343 soli
1589 2299 1800 2342 Arthuri¹⁷
1818 2314 1895 2355 pro

389 2360 480 2414 ejus
503 2364 704 2416 tempore,
732 2364 783 2402 ut
811 2360 1097 2415 praemittitur,
1126 2359 1433 2410 tantummodo,
1463 2359 1700 2413 subjectum
1728 2357 1895 2413 legitur,

388 2418 654 2474 quicquam¹⁸
673 2419 720 2460 in
747 2416 1005 2460 contrarium
1033 2431 1110 2472 per
1133 2430 1231 2460 suas
1261 2417 1461 2473 epistolas
1490 2430 1565 2459 rex
1593 2415 1758 2471 Angliae
1785 2428 1892 2470 prae-

388 2475 528 2518 dictus
548 2476 727 2531 allegare
746 2476 1071 2538 praesumpserit.

450 2614 464 2637 ¹
481 2617 521 2649 B.
539 2616 579 2648 E.
598 2615 810 2649 notabiliter.
861 2616 898 2650 C.
917 2616 1120 2649 notabiliter
1135 2617 1265 2648 written
1282 2614 1344 2648 like
1360 2613 1581 2647 violabiliter.

450 2662 465 2684 ²
482 2663 518 2697 G.
537 2663 577 2695 E.
596 2663 668 2695 add
684 2663 737 2695 ab.
986 2661 1000 2683 ³
1015 2663 1050 2695 O.
1070 2662 1108 2696 Ε.
1127 2665 1309 2705 quantum.
1474 2658 1488 2681 4
1505 2659 1540 2692 C.
1560 2659 1599 2692 E.
1618 2658 1850 2701 approbando,

451 2709 466 2732 ⁵
482 2710 521 2742 B.
540 2710 577 2742 O.
597 2709 638 2742 D.
658 2709 696 2742 Ε.
716 2709 884 2742 indebito.
980 2708 994 2729 ὓ
1010 2709 1048 2741 O.
1066 2709 1105 2742 Ε.
1126 2709 1198 2741 add
1214 2711 1279 2741 est.
1470 2705 1483 2727 ⁷
1501 2706 1537 2739 C.
1556 2706 1596 2738 E.
1614 2706 1783 2748 regnavit.

452 2755 466 2778 ⁸
483 2757 520 2790 C.
541 2757 581 2790 Ε.
600 2756 673 2788 add
688 2756 765 2788 sibi.
977 2754 992 2775 ⁰
1009 2755 1045 2788 O.
1065 2755 1105 2787 Ε.
1123 2755 1217 2789 belli.
1456 2750 1485 2774 ¹⁰
1501 2753 1537 2785 C.
1556 2753 1595 2785 E.
1615 2753 1748 2794 ejectis.

436 2802 464 2826 ¹¹
481 2804 519 2837 B.
540 2803 577 2837 C.
596 2803 635 2836 E.
653 2803 778 2836 Dacos.
967 2800 995 2822 ¹²
1011 2802 1050 2834 B.
1071 2801 1106 2834 C.
1125 2802 1165 2834 E.
1184 2801 1298 2834 Dacis.
1457 2798 1485 2820 ¹³
1502 2800 1540 2833 O.
1560 2799 1600 2832 E.
1620 2801 1667 2833 et.

438 2849 467 2872 ¹⁴
485 2851 521 2884 O.
541 2850 580 2883 Ε.
599 2849 774 2893 Angliam.
963 2846 992 2869 ¹⁵
1010 2848 1047 2881 C.
1065 2848 1107 2882 Ε.
1125 2847 1327 2881 secundum.

438 2896 468 2919 ¹⁶
483 2898 519 2931 O.
539 2900 576 2930 et
592 2896 737 2930 blurred.
786 2896 825 2928 E.
844 2897 941 2928 omits
957 2897 1004 2928 et.

437 2944 465 2966 ¹⁷
481 2946 520 2978 B.
539 2938 705 2977 Arthuro.
756 2943 797 2976 D.
816 2942 966 2976 Arthuri
983 2942 1108 2975 altered
1125 2942 1210 2975 later
1226 2945 1259 2975 to
1275 2940 1441 2975 Arthuro.
1549 2939 1578 2962 ¹⁸
1596 2940 1634 2974 C.
1653 2940 1693 2974 Ε.
1712 2939 1890 2984 quicquid.
