2014 3354
678 753 883 809 ffitaefatirs
902 753 1161 811 scriptoris}

86 856 92 862 ’
163 846 699 913 ἙξὶΟΝΟΒΑΒΙΠΠΜ
719 867 1032 911 antecessorum
1052 867 1172 920 gesta
1191 861 1424 905 laudabilia
1439 860 1493 903 ad
1512 873 1666 902 memo-

159 931 268 973 riam
288 931 546 982 reducentes,
566 944 652 972 non
672 929 811 972 solum
840 931 1122 986 praesentibus
1147 943 1197 972 ea
1217 943 1312 985 quae
1332 927 1547 984 praeterita
1566 929 1666 968 sunt

162 997 388 1052 placabilia
415 997 631 1040 recitando
660 996 915 1052 proficimus.
974 997 1130 1039 Ymmo
1165 996 1299 1038 eciam
1333 995 1545 1038 virtutum
1578 993 1668 1035 via-

161 1063 323 1105 toribus
358 1077 433 1118 per
460 1063 733 1118 providorum
767 1063 962 1118 exempla
991 1062 1312 1118 praeteritorum,
1346 1064 1566 1116 tamquam
1594 1072 1670 1115 per

162 1129 379 1171 lucernam
393 1130 598 1180 veritatis,
613 1129 820 1171 viicu'lum
836 1130 1110 1172 ostendimus.
1156 1129 1224 1180 Et,
1241 1128 1344 1170 dum
1361 1141 1504 1169 eorum
1520 1126 1671 1168 merita

163 1195 398 1247 recolimus,
419 1196 574 1238 futuris
594 1196 790 1238 felicibus
811 1196 865 1238 ad
884 1196 1143 1238 imitandum
1162 1194 1472 1237 venerabilium
1491 1193 1671 1248 vestigia

165 1266 479 1305 antecessorum
508 1262 771 1305 occasionem
801 1263 995 1305 inclitam
1025 1262 1288 1305 exhibemus.
1352 1261 1462 1303 Cum
1489 1260 1605 1302 enim
1624 1260 1672 1301 in

165 1328 362 1370 omnibus
383 1329 548 1371 actibus
570 1332 613 1371 et
633 1328 953 1384 operacionibus
982 1328 1183 1370 humanis
1214 1327 1543 1370 fundamentum
1562 1326 1672 1368 veri-

87 1402 90 1404 ’
164 1394 279 1445 tatis,
296 1394 411 1450 quod
425 1395 543 1437 Deus
565 1398 640 1446 est,
653 1395 744 1437 sine
757 1409 840 1450 quo
862 1395 996 1438 nichil
1017 1398 1081 1437 est
1092 1394 1297 1444 validum,
1311 1393 1446 1435 nichil
1465 1396 1674 1444 sanctum,

167 1460 367 1516 primitus
389 1464 432 1503 et
451 1465 550 1503 ante
570 1462 713 1504 omnia
733 1461 790 1504 sit
816 1461 1173 1517 investigandum,
1192 1474 1241 1503 ac
1268 1460 1465 1503 omnibus
1495 1458 1674 1502 carnali-

165 1527 247 1569 bus
267 1527 599 1582 praeponendum
626 1524 876 1578 affectibus?
896 1527 1099 1570 debemus
1134 1526 1252 1569 omni
1283 1540 1384 1569 cura
1413 1539 1461 1568 ac
1490 1525 1675 1568 inextin-

167 1593 321 1648 guibili
337 1593 562 1649 diligencia
576 1594 898 1650 infatigabiliter
912 1594 966 1637 ad
981 1594 1158 1637 eandem
1173 1593 1275 1635 totis
1288 1593 1451 1635 viribus
1467 1591 1674 1634 anhelare.

169 1659 281 1710 Quia
299 1658 375 1701 ubi
394 1659 489 1714 ipsa
507 1660 664 1702 veritas
683 1674 771 1703 non
791 1664 855 1703 est
874 1660 1212 1711 fundamentum,
1233 1659 1395 1701 nullius
1415 1658 1517 1701 boni
1537 1658 1675 1714 operis

167 1739 295 1780 super
314 1725 513 1768 aedificari
532 1727 689 1781 poterit
710 1727 947 1769 aedificium.
1009 1727 1081 1769 Ad
1110 1727 1232 1782 cujus
1253 1725 1446 1769 veritatis
1473 1725 1676 1767 noticiam

167 1792 354 1834 dilucide
366 1792 694 1848 adipiscendam,
710 1794 801 1836 sine
813 1794 953 1849 gracia
967 1793 1114 1836 divina
1128 1792 1507 1848 supernaturaliter
1522 1791 1676 1842 infusa,

171 1871 258 1900 non
278 1858 434 1913 poterit
452 1859 689 1915 pe1tingere
709 1859 871 1902 lumine
891 1859 1076 1901 naturali
1099 1859 1343 1901 intellectus
1364 1857 1588 1900 humanus.

227 1924 475 1975 Quaeramus
495 1925 626 1981 igitur
653 1925 774 1968 illam
798 1939 823 1968 a
845 1930 964 1981 patre
984 1926 1210 1976 luminum,
1231 1939 1256 1967 a
1275 1938 1360 1980 quo
1381 1938 1506 1967 omne
1527 1924 1676 1966 datum

169 1990 381 2045 optimum
396 1994 439 2033 ct
454 1991 614 2033 donum
626 1992 861 2047 perfectum
874 1992 1097 2035 desursum
1117 1995 1182 2034 est
1197 1991 1457 2034 descendens
1474 1990 1676 2045 quoniam

168 2057 260 2112 ipse
271 2056 386 2099 solus
402 2057 476 2099 dat
492 2058 752 2113 sapienciam
765 2063 808 2101 et
821 2073 873 2102 cx
889 2072 959 2101 ore
980 2059 1071 2114 ejus
1092 2058 1276 2101 sciencia
1292 2061 1335 2100 et
1354 2056 1586 2112 prudencia
1601 2060 1677 2109 est,

169 2136 269 2165 cum
297 2127 442 2165 sancto
470 2124 693 2168 Salomone
722 2124 907 2181 petendo
937 2129 980 2168 et
1009 2124 1200 2174 dicendo,
1219 2125 1290 2166 Da
1318 2123 1462 2175 michi,
1483 2123 1677 2170 Domine,

171 2189 337 2231 sedium
349 2193 521 2232 tuarum
540 2190 797 2233 assistricem
813 2191 1073 2246 sapienciam
1088 2204 1183 2246 quae
1199 2204 1366 2232 mecum
1382 2189 1439 2232 sit
1453 2193 1497 2232 et
1510 2204 1678 2233 mecum

170 2255 345 2306 laboret,
359 2259 409 2297 ut
429 2257 560 2298 sciam
575 2257 681 2312 quid
701 2261 924 2313 acceptum
944 2258 1003 2299 sit
1022 2271 1164 2300 coram
1183 2260 1226 2299 te
1246 2257 1363 2299 omni
1378 2261 1565 2312 tempore
1572 2273 1583 2310 ;
1602 2257 1679 2313 qui

172 2322 338 2377 optavit
358 2325 401 2364 et
421 2322 545 2365 datus
562 2326 626 2366 est
641 2323 681 2365 ei
700 2337 861 2374 sensus,
881 2323 1099 2366 invocavit
1119 2326 1163 2366 et
1181 2323 1300 2366 venit
1319 2323 1367 2365 in
1385 2337 1484 2366 eum
1503 2324 1679 2379 spiritus

171 2387 407 2443 sapienciae.
467 2387 539 2432 Ad
551 2403 681 2444 quam
708 2390 891 2445 graciam
910 2389 1222 2446 impetrandam
1242 2403 1319 2433 nos
1338 2390 1567 2446 perducere
1587 2390 1678 2447 dig-

174 2459 301 2498 netur
320 2454 397 2510 qui
416 2454 510 2499 sine
529 2455 613 2499 fine
633 2456 744 2499 vivit
763 2459 807 2499 et
825 2460 983 2512 regnat.
1041 2455 1195 2499 Amen.

608 2612 824 2668 §equitat
848 2613 980 2658 abhuc
1001 2612 1050 2658 ᾖε
1072 2612 1221 2659 nobem.

175 2684 478 2749 OENSUPER
506 2709 557 2749 ut
585 2706 735 2749 demus
762 2705 941 2763 gloriam
968 2706 1062 2749 Deo
1091 2705 1139 2748 in
1168 2704 1357 2756 excelsis,
1385 2704 1557 2747 laudem
1582 2707 1680 2760 post

178 2772 359 2812 mortem
391 2771 750 2816 victoriosissimis
785 2777 829 2816 et
861 2771 1183 2815 invincibilibus
1223 2772 1444 2815 Scotorum
1482 2771 1680 2827 gentibus

176 2834 401 2888 defunctis,
421 2839 785 2894 magnificenciam
805 2843 849 2881 et
867 2838 1071 2881 honorem
1090 2838 1404 2880 venerabilibus
1424 2837 1534 2879 vivis
1555 2837 1680 2893 digne

365 2960 378 2982 ¹
401 2962 471 2996 The
486 2964 656 3006 Praefacw
670 2965 742 2999 and
758 2965 925 3008 Proloqus
941 2975 1038 2999 occur
1052 2965 1090 2998 in
1107 2963 1150 2998 A.
1169 2964 1240 2998 and
1256 2963 1295 2997 B.
1312 2963 1399 3005 only.

365 3007 379 3029 2
397 3010 435 3043 B.
453 3010 705 3046 affectionibus.
