2008 3360
396 313 413 351 l
423 313 475 352 34
878 322 1004 355 LIBER
1023 322 1380 355 PLUSGARDENSIS.

390 439 517 468 suum
536 426 693 478 adiens,
711 426 918 482 quosdam
936 426 991 468 ad
1009 428 1173 481 partem
1190 425 1393 536 reti-{astiti¹
1413 426 1674 470 annuncians
1693 427 1755 470 eis
1774 426 1889 483 quod

388 460 1372 597 ssgffffiossffissr‘ssssssffiaffpd?samniti&
1390 484 1641 597 ἷῖἰεὲτῖἓὲπ,
1642 486 1889 598 Ἢὲῗρᾞὲ

389 600 838 700 8111)]8001011ῗῖἐΐὲ6ἰ111
866 599 1023 642 Scociae
1041 598 1179 641 modis
1201 598 1398 642 omnibus
1417 598 1500 641 sibi
1518 603 1562 642 et
1579 600 1888 643 successoribus

389 669 478 699 suis
497 670 634 712 promi
740 670 770 699 n

388 824 602 881 §maim
619 827 669 872 Μ
687 841 827 872 mum
854 827 1222 883 persuasionibus,
1245 828 1296 873 ab
1316 828 1548 873 masiliam
1570 827 1685 884 miz
1703 826 1888 884 gualia.

674 908 803 950 supet
822 894 1081 951 subjeccione
1100 894 1220 950 regni
1239 894 1525 949 §mnia—et.
1546 894 1623 940 xii.

387 967 541 1034 HD
568 985 921 1041 interrogaciones
948 986 1057 1042 regis
1085 985 1253 1042 Angfiae
1272 986 1447 1042 quidam
1475 985 1694 1042 Anglicus,
1722 986 1894 1029 nomine

385 1042 603 1085 Antonius
622 1043 676 1086 de
696 1044 799 1095 Bek,
818 1044 1048 1100 respondit,
1063 1044 1123 1086 810
1143 1043 1312 1086 (1108118;
1344 1048 1367 1066 “
1380 1044 1427 1086 Si
1447 1044 1655 1087 Robertus
1670 1044 1723 1087 de
1743 1045 1890 1100 Broys,

388 1100 464 1155 qui
493 1105 558 1143 est
577 1100 630 1143 de
648 1101 822 1144 meliore
850 1102 1044 1158 prosapia
1062 1101 1180 1157 regni
1205 1101 1453 1157 Anglorum,
1473 1102 1601 1144 fuerit
1629 1115 1703 1144 rex
1725 1102 1893 1154 Scociae‚

387 1158 463 1200 ubi
482 1158 672 1201 manebit
690 1172 763 1201 rex
779 1158 850 1201 An
850 1159 946 1215 gliae
961 1158 1220 1202 Edwardus.
1207 1161 1223 1192 ²
1283 1159 1393 1202 Cum
1408 1159 1540 1202 eciam
1555 1159 1668 1201 idem
1684 1159 1892 1202 Robertus

385 1215 434 1257 111
464 1216 610 1258 Scocia
638 1219 788 1272 potens
818 1217 875 1259 sit
903 1216 1039 1268 valde,
1057 1216 1162 1259 visis
1190 1216 1337 1258 multis
1358 1220 1401 1259 et
1419 1217 1801 1259 innumerabilibus
1827 1217 1894 1259 in-

383 1273 557 1328 juriosis
590 1274 869 1316 incommodis
907 1288 982 1329 per
1019 1274 1211 1330 praedicti
1247 1274 1366 1330 regni
1403 1288 1520 1330 reges
1558 1288 1686 1331 regno
1724 1273 1894 1330 Angliae

387 1331 605 1373 retroactis
625 1332 884 1387 temporibus
904 1332 1048 1374 illatis.
1052 1332 1072 1349 '’
1131 1331 1203 1373 Ad
1223 1331 1337 1387 quod
1355 1346 1431 1374 rex
1451 1332 1573 1387 quasi
1591 1335 1745 1383 motus,
1764 1336 1894 1387 caput

388 1402 515 1430 suum
543 1389 837 1444 percussiens,⁸
864 1389 1082 1444 respondit
1111 1388 1346 1431 Gallicanis
1375 1390 1528 1440 verbis,
1557 1389 1715 1440 dicens,
1743 1390 1834 1432 Par
1857 1390 1892 1432 le

388 1460 492 1500 sanq
520 1447 569 1488 de
598 1446 710 1488 Dieu
743 1452 790 1489 tu
816 1461 863 1488 as
891 1447 983 1489 bien
1010 1447 1206 1489 chama*
1246 1446 1361 1502 quod
1390 1451 1455 1490 est
1483 1447 1657 1498 dictum,
1687 1448 1767 1489 Per
1797 1461 1892 1489 san-

387 1504 562 1559 guinem
582 1504 666 1547 Dei
678 1509 727 1546 tu
746 1505 854 1547 bene
870 1505 1076 1557 cantasti;
1095 1509 1118 1526 “
1131 1504 1205 1547 sed
1224 1504 1425 1559 promitto
1445 1504 1526 1546 tibi
1540 1504 1652 1559 quod
1671 1504 1795 1548 aliter
1813 1505 1895 1548 ibit

387 1561 610 1617 negocium
622 1576 751 1617 quam
763 1561 990 1613 credidisti,
1004 1561 1194 1605 8111108.”5
1237 1562 1294 1604 Et
1305 1561 1479 1604 tandem
1494 1576 1639 1604 omnes
1654 1562 1706 1605 de
1718 1561 1895 1604 consilio

387 1633 477 1670 su0,
497 1633 609 1661 unus
628 1623 727 1675 post
745 1618 890 1671 alium,
910 1619 1163 1675 quandoque
1192 1618 1302 1662 clam
1331 1619 1584 1675 quandoque
1603 1619 1755 1675 palam,
1775 1619 1895 1663 dixe-

389 1681 491 1718 runt
506 1676 630 1731 quod,
647 1677 684 1719 si
703 1677 860 1732 absque
880 1677 999 1732 regni
1018 1677 1175 1720 Scociae
1194 1677 1460 1732 subjeccione
1472 1677 1732 1719 sentenciam
1744 1691 1896 1733 propa-

389 1734 508 1784 laret,
522 1734 818 1777 inaestimabile
832 1735 1067 1790 dampnum
1085 1748 1213 1790 regno
1232 1734 1480 1790 Anglorum,
1495 1739 1539 1778 et
1558 1735 1646 1777 suis
1665 1735 1831 1790 regibus
1852 1739 1896 1777 ct

388 1791 552 1843 incolis,
567 1792 614 1834 in
626 1792 818 1834 futurum
837 1797 1111 1848 praepararet:
1140 1792 1253 1848 quod
1272 1792 1334 1835 ita
1353 1792 1599 1835 conclusum
1619 1797 1684 1834 est
1701 1792 1895 1835 finaliter.

392 1850 528 1904 Super
556 1863 641 1905 quo
670 1855 841 1905 puncto,
870 1864 1019 1893 vocare
1042 1850 1143 1893 fecit
1172 1850 1404 1892 Robertum
1432 1850 1485 1892 de
1514 1850 1647 1905 Broys
1677 1850 1895 1901 seniorem,

391 1921 584 1963 quaerens
604 1907 658 1949 ab
678 1921 727 1950 eo
747 1907 785 1950 si
804 1907 967 1950 dictum
995 1921 1172 1963 regnum
1200 1908 1254 1950 ab
1283 1921 1332 1950 80
1360 1907 1499 1949 voluit
1516 1907 1563 1949 in
1582 1906 1721 1962 capite
1739 1912 1894 1959 tenere,

391 1969 597 2020 tanquam
617 1978 642 2007 a
662 1978 738 2007 suo
770 1964 940 2007 domino
970 1966 1181 2020 superiore
1193 1980 1204 2017 ;
1231 1969 1277 2008 et
1305 1964 1430 2020 quod,
1458 1964 1538 2007 hoc
1564 1964 1734 2021 faciens,
1752 1965 1895 2020 ipsum

391 2037 533 2078 regem
580 2022 716 2078 ipsius
762 2023 882 2078 regni
929 2023 1213 2066 constitueret.
1287 2022 1369 2065 Cui
1411 2022 1620 2064 Robertus
1663 2022 1717 2065 de
1760 2022 1895 2078 Broys

391 2080 613 2123 humiliter
632 2085 675 2123 et
693 2084 858 2123 mature
885 2079 1154 2136 respondens,
1173 2079 1307 2122 dixit:
1340 2079 1423 2122 “Si
1442 2079 1692 2135 praedictum
1719 2093 1896 2135 regnum

387 2138 483 2194 jure
512 2137 764 2180 hereditario
784 2138 974 2193 optinere
992 2142 1148 2193 potero,
1166 2137 1275 2180 bene
1303 2137 1500 2194 quidem;
1528 2137 1566 2180 si
1590 2151 1689 2188 non,
1707 2136 1897 2193 regnare⁶

393 2210 520 2251 super
548 2196 691 2252 ipsum
720 2209 908 2251 regnum,
936 2195 1037 2238 licet
1066 2209 1140 2251 per
1167 2195 1409 2251 potenciam
1437 2189 1517 2237 hoc
1545 2195 1790 2250 potuissem,
1808 2208 1895 2237 non

395 2253 595 2296 desidero.
638 2253 723 2296 Sed
741 2254 796 2296 ad
815 2252 1128 2319 subjugandum
1146 2253 1397 2308 praedictum
1414 2266 1602 2308 regnum,
1617 2252 1731 2308 quod
1749 2265 1895 2295 omnes

393 2311 718 2365 praedecessores
746 2309 848 2354 mei⁷
867 2324 984 2367 reges
1012 2311 1098 2353 ab
1085 2310 1216 2353 micio
1243 2310 1425 2353 liberum
1442 2313 1682 2360 tenuerunt,
1701 2312 1745 2352 et
1763 2309 1895 2351 tantis

395 2368 610 2410 laboribus
623 2374 667 2411 et
676 2370 825 2424 poenis,
841 2369 894 2411 ab
910 2368 1028 2410 omni
1042 2368 1246 2411 servitute
1265 2373 1310 2411 et
1328 2368 1606 2423 subjeccionis
1619 2366 1746 2409 titulo
1759 2380 1896 2421 usque

395 2439 511 2468 nunc
541 2430 768 2477 servantes,
787 2426 1078 2476 defenderunt,
1097 2426 1177 2468 hoc
1197 2426 1369 2468 omnino
1387 2438 1542 2468 recuso.
1544 2424 1566 2442 ”
1625 2424 1719 2475 Quo
1738 2424 1896 2475 audito,

397 2483 598 2538 praedicto
619 2484 800 2526 Roberto
821 2484 913 2526 sine
932 2484 1113 2538 strepitu
1132 2483 1284 2526 callide
1302 2481 1494 2533 remorsu?
1507 2486 1553 2525 ct
1570 2481 1683 2523 dicto
1697 2481 1728 2523 J
1729 2481 1895 2525 ohanne

399 2540 451 2582 de
471 2540 651 2582 Bauiolo
666 2546 825 2591 vocato,
840 2541 951 2582 dixit
971 2541 1010 2583 81
1029 2545 1079 2583 ut
1098 2542 1216 2595 prius
1234 2540 1415 2583 relatum
1429 2543 1511 2582 est:
1531 2538 1740 2581 similibus
1754 2539 1895 2581 verbis

397 2611 496 2640 eum
525 2597 777 2652 alloquendo
796 2598 1032 2653 temptavit.
1092 2598 1177 2649 Qui
1196 2598 1428 2647 confestim,
1446 2596 1565 2639 brevi
1582 2595 1898 2638 avisitamento⁹

395 2656 444 2697 in
473 2669 550 2697 sua
577 2655 798 2710 peticione,
820 2655 1020 2711 praedjcto
1047 2655 1136 2710 regi
1164 2654 1479 2710 obtemperavit,
1508 2658 1553 2697 et
1580 2653 1635 2696 ad
1664 2654 1896 2696 tenendum

461 2777 475 2799 ¹
492 2778 528 2812 C.
547 2777 708 2811 recinxit.
990 2774 1005 2797 ²
1019 2776 1058 2809 Β.
1076 2775 1318 2819 displicuisset.

460 2823 476 2846 ⁸
491 2825 531 2858 B.
549 2824 755 2867 percutiens.
803 2823 846 2858 D.
864 2822 1080 2867 percussione
1099 2823 1226 2856 altered
1242 2824 1326 2857 later
1342 2826 1375 2856 to
1390 2822 1596 2867 percutiens.

459 2871 474 2893 ⁴
491 2872 534 2905 D.
551 2871 687 2905 chante.
990 2867 1005 2890 ⁵
1022 2869 1060 2903 B.
1080 2869 1123 2904 D.
1140 2869 1212 2903 add
1227 2873 1292 2904 etc.
1472 2868 1487 2891 ⁶
1504 2870 1541 2904 Ο.
1559 2870 1599 2904 Ε.
1618 2870 1689 2903 add
1703 2870 1847 2913 injuste.

461 2918 475 2942 ⁷
492 2918 561 2952 mei
577 2920 611 2951 in
627 2919 760 2959 margin
778 2917 872 2950 later.
923 2916 960 2950 C.
978 2916 1019 2950 Ε.
1037 2918 1117 2949 omit
1131 2917 1166 2951 it.
1478 2915 1493 2938 ⁸
1509 2916 1548 2952 B.
1563 2917 1600 2953 O.
1619 2917 1662 2952 D.
1682 2918 1721 2951 E.
1740 2921 1884 2952 remoto.

460 2964 476 2987 ⁹
493 2966 531 2999 B.
549 2965 789 2999 avisiamento.
838 2963 875 2998 C.
894 2963 934 2998 E.
953 2964 1215 2997 avisameutum.
