<?xml version="1.0" encoding="UTF-8"?>
<!DOCTYPE html PUBLIC "-//W3C//DTD XHTML 1.0 Transitional//EN"
    "http://www.w3.org/TR/xhtml1/DTD/xhtml1-transitional.dtd">
<html xmlns="http://www.w3.org/1999/xhtml" xml:lang="en" lang="en">
 <head>
  <title>
</title>
<meta http-equiv="Content-Type" content="text/html;charset=utf-8" />
  <meta name='ocr-system' content='tesseract 3.04.00' />
  <meta name='ocr-capabilities' content='ocr_page ocr_carea ocr_par ocr_line ocrx_word'/>
</head>
<body>
  <div class='ocr_page' id='page_1' title='image "./liberpluscardens07plusuoft/liberpluscardens07plusuoft_0148.png"; bbox 0 0 1982 3360; ppageno 0'>
   <div class='ocr_carea' id='block_1_1' title="bbox 339 293 1343 333">
    <p class='ocr_par' dir='ltr' id='par_1_1' title="bbox 339 293 1343 333">
     <span class='ocr_line' id='line_1_1' title="bbox 339 293 1343 333; baseline 0.002 -2"><span class='ocrx_word' id='word_1_1' title='bbox 339 293 367 331; x_wconf 85' lang='grc'>-9</span> <span class='ocrx_word' id='word_1_2' title='bbox 373 293 395 331; x_wconf 89' lang='grc'><strong>6</strong></span> <span class='ocrx_word' id='word_1_3' title='bbox 839 300 965 332; x_wconf 84' lang='lat' dir='ltr'>LIBER</span> <span class='ocrx_word' id='word_1_4' title='bbox 986 299 1343 333; x_wconf 76' lang='lat' dir='ltr'>PLUSCARDENSIS.</span> 
     </span>
    </p>
   </div>
   <div class='ocr_carea' id='block_1_2' title="bbox 327 404 1842 2534">
    <p class='ocr_par' dir='ltr' id='par_1_2' title="bbox 327 404 1842 2534">
     <span class='ocr_line' id='line_1_2' title="bbox 336 404 1839 463; baseline 0.002 -16"><span class='ocrx_word' id='word_1_5' title='bbox 336 405 556 460; x_wconf 90' lang='lat' dir='ltr'>pectando,</span> <span class='ocrx_word' id='word_1_6' title='bbox 585 405 706 448; x_wconf 88' lang='lat' dir='ltr'>brevi</span> <span class='ocrx_word' id='word_1_7' title='bbox 743 404 913 460; x_wconf 86' lang='lat' dir='ltr'>langore</span> <span class='ocrx_word' id='word_1_8' title='bbox 946 407 1273 459; x_wconf 75' lang='lat' dir='ltr'>praeoccupatus,</span> <span class='ocrx_word' id='word_1_9' title='bbox 1308 405 1362 446; x_wconf 86' lang='lat' dir='ltr'>ab</span> <span class='ocrx_word' id='word_1_10' title='bbox 1394 404 1474 447; x_wconf 88' lang='lat' dir='ltr'>hac</span> <span class='ocrx_word' id='word_1_11' title='bbox 1507 405 1602 449; x_wconf 88' lang='lat' dir='ltr'>luce</span> <span class='ocrx_word' id='word_1_12' title='bbox 1631 407 1839 463; x_wconf 86' lang='lat' dir='ltr'>migravit.</span> 
     </span>
     <span class='ocr_line' id='line_1_3' title="bbox 339 461 1840 521; baseline 0.002 -16"><span class='ocrx_word' id='word_1_13' title='bbox 339 463 421 505; x_wconf 85' lang='lat' dir='ltr'>Cui</span> <span class='ocrx_word' id='word_1_14' title='bbox 441 463 643 506; x_wconf 88' lang='lat' dir='ltr'>successit</span> <span class='ocrx_word' id='word_1_15' title='bbox 662 463 776 504; x_wconf 86' lang='lat' dir='ltr'>filius</span> <span class='ocrx_word' id='word_1_16' title='bbox 796 463 887 516; x_wconf 83' lang='lat' dir='ltr'>eJ‘us</span> <span class='ocrx_word' id='word_1_17' title='bbox 907 461 1078 503; x_wconf 89' lang='grc'>1101111110</span> <span class='ocrx_word' id='word_1_18' title='bbox 1098 462 1293 517; x_wconf 87' lang='lat' dir='ltr'>Magnus,</span> <span class='ocrx_word' id='word_1_19' title='bbox 1312 462 1380 504; x_wconf 86' lang='lat' dir='ltr'>vir</span> <span class='ocrx_word' id='word_1_20' title='bbox 1396 462 1590 506; x_wconf 86' lang='lat' dir='ltr'>literatus</span> <span class='ocrx_word' id='word_1_21' title='bbox 1611 469 1654 507; x_wconf 90' lang='lat' dir='ltr'>et</span> <span class='ocrx_word' id='word_1_22' title='bbox 1677 479 1840 521; x_wconf 86' lang='lat' dir='ltr'>magnae</span> 
     </span>
     <span class='ocr_line' id='line_1_4' title="bbox 336 519 1840 584; baseline 0.001 -21"><span class='ocrx_word' id='word_1_23' title='bbox 336 521 577 576; x_wconf 84' lang='lat' dir='ltr'>prudenciae</span> <span class='ocrx_word' id='word_1_24' title='bbox 590 534 729 562; x_wconf 86' lang='lat' dir='ltr'>coram</span> <span class='ocrx_word' id='word_1_25' title='bbox 742 519 949 569; x_wconf 91' lang='lat' dir='ltr'>omnibus,</span> <span class='ocrx_word' id='word_1_26' title='bbox 962 519 1101 584; x_wconf 85' lang='lat' dir='ltr'>gracia</span> <span class='ocrx_word' id='word_1_27' title='bbox 1114 519 1351 574; x_wconf 74' lang='lat' dir='ltr'>praeclarus,</span> <span class='ocrx_word' id='word_1_28' title='bbox 1367 522 1410 562; x_wconf 91' lang='lat' dir='ltr'>et</span> <span class='ocrx_word' id='word_1_29' title='bbox 1424 521 1633 574; x_wconf 87' lang='lat' dir='ltr'>pacificus.</span> <span class='ocrx_word' id='word_1_30' title='bbox 1661 523 1716 564; x_wconf 93' lang='lat' dir='ltr'>In</span> <span class='ocrx_word' id='word_1_31' title='bbox 1730 523 1840 564; x_wconf 89' lang='lat' dir='ltr'>anti-</span> 
     </span>
     <span class='ocr_line' id='line_1_5' title="bbox 337 576 1840 643; baseline 0.002 -23"><span class='ocrx_word' id='word_1_32' title='bbox 337 579 433 633; x_wconf 90' lang='lat' dir='ltr'>quis</span> <span class='ocrx_word' id='word_1_33' title='bbox 454 579 715 620; x_wconf 89' lang='lat' dir='ltr'>cronicarum</span> <span class='ocrx_word' id='word_1_34' title='bbox 737 576 894 618; x_wconf 85' lang='lat' dir='ltr'>Scociae</span> <span class='ocrx_word' id='word_1_35' title='bbox 912 576 1042 632; x_wconf 86' lang='lat' dir='ltr'>gestis</span> <span class='ocrx_word' id='word_1_36' title='bbox 1068 578 1274 632; x_wconf 88' lang='lat' dir='ltr'>scriptum</span> <span class='ocrx_word' id='word_1_37' title='bbox 1294 578 1501 643; x_wconf 81' lang='lat' dir='ltr'>reperitur</span> <span class='ocrx_word' id='word_1_38' title='bbox 1526 579 1706 633; x_wconf 74' lang='lat' dir='ltr'><strong>qualiter</strong></span> <span class='ocrx_word' id='word_1_39' title='bbox 1724 594 1840 636; x_wconf 87' lang='lat' dir='ltr'>reges</span> 
     </span>
     <span class='ocr_line' id='line_1_6' title="bbox 337 634 1841 693; baseline 0.001 -15"><span class='ocrx_word' id='word_1_40' title='bbox 337 636 558 679; x_wconf 77' lang='lat' dir='ltr'>Scotorum</span> <span class='ocrx_word' id='word_1_41' title='bbox 588 639 631 676; x_wconf 91' lang='lat' dir='ltr'>et</span> <span class='ocrx_word' id='word_1_42' title='bbox 660 635 878 676; x_wconf 79' lang='lat' dir='ltr'>Pictorum</span> <span class='ocrx_word' id='word_1_43' title='bbox 897 637 1043 676; x_wconf 85' lang='lat' dir='ltr'>contra</span> <span class='ocrx_word' id='word_1_44' title='bbox 1066 634 1300 677; x_wconf 82' lang='lat' dir='ltr'>Norw100s1</span> <span class='ocrx_word' id='word_1_45' title='bbox 1319 635 1430 677; x_wconf 90' lang='lat' dir='ltr'>inter</span> <span class='ocrx_word' id='word_1_46' title='bbox 1449 635 1628 678; x_wconf 87' lang='lat' dir='ltr'>flumina</span> <span class='ocrx_word' id='word_1_47' title='bbox 1648 636 1700 679; x_wconf 89' lang='lat' dir='ltr'>de</span> <span class='ocrx_word' id='word_1_48' title='bbox 1720 637 1841 693; x_wconf 85' lang='lat' dir='ltr'>Thay</span> 
     </span>
     <span class='ocr_line' id='line_1_7' title="bbox 337 691 1841 750; baseline 0 -14"><span class='ocrx_word' id='word_1_49' title='bbox 337 697 381 736; x_wconf 89' lang='lat' dir='ltr'>et</span> <span class='ocrx_word' id='word_1_50' title='bbox 408 692 599 734; x_wconf 89' lang='lat' dir='ltr'>Almond</span> <span class='ocrx_word' id='word_1_51' title='bbox 629 691 867 733; x_wconf 90' lang='lat' dir='ltr'>mirabilem</span> <span class='ocrx_word' id='word_1_52' title='bbox 895 692 1118 734; x_wconf 89' lang='lat' dir='ltr'>victoriam</span> <span class='ocrx_word' id='word_1_53' title='bbox 1143 692 1384 734; x_wconf 87' lang='lat' dir='ltr'>habuerunt</span> <span class='ocrx_word' id='word_1_54' title='bbox 1411 692 1459 734; x_wconf 90' lang='grc'>111</span> <span class='ocrx_word' id='word_1_55' title='bbox 1477 693 1569 735; x_wconf 91' lang='grc'>1000</span> <span class='ocrx_word' id='word_1_56' title='bbox 1601 694 1678 749; x_wconf 87' lang='lat' dir='ltr'>qui</span> <span class='ocrx_word' id='word_1_57' title='bbox 1705 695 1841 750; x_wconf 90' lang='lat' dir='ltr'>Long—</span> 
     </span>
     <span class='ocr_line' id='line_1_8' title="bbox 337 743 1841 816; baseline 0.001 -23"><span class='ocrx_word' id='word_1_58' title='bbox 337 750 460 793; x_wconf 79' lang='lat' dir='ltr'>carti2</span> <span class='ocrx_word' id='word_1_59' title='bbox 488 753 770 804; x_wconf 88' lang='lat' dir='ltr'>nuncupatur</span> <span class='ocrx_word' id='word_1_60' title='bbox 828 749 921 791; x_wconf 85' lang='lat' dir='ltr'>Rex</span> <span class='ocrx_word' id='word_1_61' title='bbox 955 749 1264 805; x_wconf 76' lang='lat' dir='ltr'>Norouwagiae³</span> <span class='ocrx_word' id='word_1_62' title='bbox 1292 750 1376 792; x_wconf 89' lang='lat' dir='ltr'>hiis</span> <span class='ocrx_word' id='word_1_63' title='bbox 1410 743 1670 816; x_wconf 72' lang='lat' dir='ltr'>temporibus</span> <span class='ocrx_word' id='word_1_64' title='bbox 1700 751 1841 795; x_wconf 89' lang='lat' dir='ltr'>Picto-</span> 
     </span>
     <span class='ocr_line' id='line_1_9' title="bbox 335 806 1842 864; baseline 0.001 -15"><span class='ocrx_word' id='word_1_65' title='bbox 335 821 432 849; x_wconf 87' lang='lat' dir='ltr'>rum</span> <span class='ocrx_word' id='word_1_66' title='bbox 463 811 507 849; x_wconf 90' lang='lat' dir='ltr'>et</span> <span class='ocrx_word' id='word_1_67' title='bbox 539 808 759 849; x_wconf 86' lang='lat' dir='ltr'>Scotorum</span> <span class='ocrx_word' id='word_1_68' title='bbox 789 820 918 862; x_wconf 86' lang='lat' dir='ltr'>regna</span> <span class='ocrx_word' id='word_1_69' title='bbox 945 806 1087 849; x_wconf 80' lang='lat' dir='ltr'>taliter</span> <span class='ocrx_word' id='word_1_70' title='bbox 1115 807 1355 850; x_wconf 87' lang='lat' dir='ltr'>infestando</span> <span class='ocrx_word' id='word_1_71' title='bbox 1384 808 1582 861; x_wconf 85' lang='lat' dir='ltr'>vastavit,</span> <span class='ocrx_word' id='word_1_72' title='bbox 1613 809 1728 864; x_wconf 92' lang='lat' dir='ltr'>quod</span> <span class='ocrx_word' id='word_1_73' title='bbox 1755 809 1842 852; x_wconf 87' lang='lat' dir='ltr'>fere</span> 
     </span>
     <span class='ocr_line' id='line_1_10' title="bbox 334 865 1842 920; baseline 0.001 -14"><span class='ocrx_word' id='word_1_74' title='bbox 334 869 426 907; x_wconf 87' lang='lat' dir='ltr'>tota</span> <span class='ocrx_word' id='word_1_75' title='bbox 444 865 582 920; x_wconf 88' lang='lat' dir='ltr'>patria</span> <span class='ocrx_word' id='word_1_76' title='bbox 600 878 677 920; x_wconf 91' lang='lat' dir='ltr'>per</span> <span class='ocrx_word' id='word_1_77' title='bbox 695 878 765 907; x_wconf 93' lang='grc'>008</span> <span class='ocrx_word' id='word_1_78' title='bbox 785 869 990 919; x_wconf 87' lang='lat' dir='ltr'>occupata</span> <span class='ocrx_word' id='word_1_79' title='bbox 1009 868 1052 907; x_wconf 90' lang='lat' dir='ltr'>et</span> <span class='ocrx_word' id='word_1_80' title='bbox 1071 865 1296 920; x_wconf 86' lang='lat' dir='ltr'>subjugata</span> <span class='ocrx_word' id='word_1_81' title='bbox 1314 865 1461 908; x_wconf 87' lang='lat' dir='ltr'>fuerat.</span> <span class='ocrx_word' id='word_1_82' title='bbox 1520 866 1691 908; x_wconf 91' lang='lat' dir='ltr'>Accidit</span> <span class='ocrx_word' id='word_1_83' title='bbox 1715 867 1842 919; x_wconf 85' lang='lat' dir='ltr'>enim,</span> 
     </span>
     <span class='ocr_line' id='line_1_11' title="bbox 335 922 1842 979; baseline 0.002 -15"><span class='ocrx_word' id='word_1_84' title='bbox 335 926 526 978; x_wconf 89' lang='lat' dir='ltr'>tempore</span> <span class='ocrx_word' id='word_1_85' title='bbox 555 922 750 978; x_wconf 84' lang='lat' dir='ltr'>quodam,</span> <span class='ocrx_word' id='word_1_86' title='bbox 767 922 986 964; x_wconf 84' lang='lat' dir='ltr'>venientes</span> <span class='ocrx_word' id='word_1_87' title='bbox 1015 936 1145 978; x_wconf 84' lang='lat' dir='ltr'>prope</span> <span class='ocrx_word' id='word_1_88' title='bbox 1173 923 1324 965; x_wconf 91' lang='lat' dir='ltr'>villam</span> <span class='ocrx_word' id='word_1_89' title='bbox 1353 923 1405 965; x_wconf 91' lang='lat' dir='ltr'>de</span> <span class='ocrx_word' id='word_1_90' title='bbox 1435 923 1577 975; x_wconf 90' lang='lat' dir='ltr'>Perth‚</span> <span class='ocrx_word' id='word_1_91' title='bbox 1612 937 1707 979; x_wconf 89' lang='lat' dir='ltr'>quae</span> <span class='ocrx_word' id='word_1_92' title='bbox 1737 928 1842 967; x_wconf 90' lang='lat' dir='ltr'>tunc</span> 
     </span>
     <span class='ocr_line' id='line_1_12' title="bbox 336 980 1840 1037; baseline 0.001 -14"><span class='ocrx_word' id='word_1_93' title='bbox 336 981 495 1023; x_wconf 86' lang='lat' dir='ltr'>Bertha</span> <span class='ocrx_word' id='word_1_94' title='bbox 506 980 746 1030; x_wconf 88' lang='lat' dir='ltr'>vocabatur,</span> <span class='ocrx_word' id='word_1_95' title='bbox 761 983 804 1022; x_wconf 91' lang='lat' dir='ltr'>et</span> <span class='ocrx_word' id='word_1_96' title='bbox 816 980 930 1035; x_wconf 89' lang='lat' dir='ltr'>apud</span> <span class='ocrx_word' id='word_1_97' title='bbox 944 980 1216 1036; x_wconf 90' lang='lat' dir='ltr'>Long[c]ardi</span> <span class='ocrx_word' id='word_1_98' title='bbox 1235 982 1522 1023; x_wconf 84' lang='lat' dir='ltr'>castrametati</span> <span class='ocrx_word' id='word_1_99' title='bbox 1542 985 1653 1024; x_wconf 90' lang='lat' dir='ltr'>sunt.</span> <span class='ocrx_word' id='word_1_100' title='bbox 1703 982 1840 1037; x_wconf 85' lang='lat' dir='ltr'>Reges</span> 
     </span>
     <span class='ocr_line' id='line_1_13' title="bbox 334 1038 1839 1094; baseline 0.001 -14"><span class='ocrx_word' id='word_1_101' title='bbox 334 1052 434 1080; x_wconf 91' lang='lat' dir='ltr'>vero</span> <span class='ocrx_word' id='word_1_102' title='bbox 454 1039 674 1081; x_wconf 86' lang='lat' dir='ltr'>Scotorum</span> <span class='ocrx_word' id='word_1_103' title='bbox 693 1041 736 1080; x_wconf 89' lang='lat' dir='ltr'>et</span> <span class='ocrx_word' id='word_1_104' title='bbox 756 1038 973 1079; x_wconf 89' lang='lat' dir='ltr'>Pictorum</span> <span class='ocrx_word' id='word_1_105' title='bbox 993 1038 1225 1081; x_wconf 85' lang='lat' dir='ltr'>calliditate</span> <span class='ocrx_word' id='word_1_106' title='bbox 1240 1038 1422 1094; x_wconf 88' lang='lat' dir='ltr'>quadam</span> <span class='ocrx_word' id='word_1_107' title='bbox 1444 1038 1545 1081; x_wconf 61' lang='lat' dir='ltr'>visi*</span> <span class='ocrx_word' id='word_1_108' title='bbox 1564 1042 1676 1091; x_wconf 90' lang='lat' dir='ltr'>sunt,</span> <span class='ocrx_word' id='word_1_109' title='bbox 1693 1043 1735 1082; x_wconf 90' lang='lat' dir='ltr'>et</span> <span class='ocrx_word' id='word_1_110' title='bbox 1755 1040 1839 1082; x_wconf 91' lang='lat' dir='ltr'>duo</span> 
     </span>
     <span class='ocr_line' id='line_1_14' title="bbox 334 1095 1840 1152; baseline 0.001 -14"><span class='ocrx_word' id='word_1_111' title='bbox 334 1096 456 1138; x_wconf 85' lang='lat' dir='ltr'>dolea</span> <span class='ocrx_word' id='word_1_112' title='bbox 477 1096 571 1138; x_wconf 88' lang='lat' dir='ltr'>vini</span> <span class='ocrx_word' id='word_1_113' title='bbox 600 1109 698 1138; x_wconf 92' lang='lat' dir='ltr'>cum</span> <span class='ocrx_word' id='word_1_114' title='bbox 727 1109 851 1137; x_wconf 92' lang='lat' dir='ltr'>succo</span> <span class='ocrx_word' id='word_1_115' title='bbox 882 1095 1038 1138; x_wconf 86' lang='lat' dir='ltr'>elebori</span> <span class='ocrx_word' id='word_1_116' title='bbox 1066 1096 1187 1151; x_wconf 82' lang='lat' dir='ltr'>nign&#39;,</span> <span class='ocrx_word' id='word_1_117' title='bbox 1218 1096 1331 1151; x_wconf 91' lang='lat' dir='ltr'>quod</span> <span class='ocrx_word' id='word_1_118' title='bbox 1350 1096 1580 1152; x_wconf 85' lang='lat' dir='ltr'>vulgariter</span> <span class='ocrx_word' id='word_1_119' title='bbox 1608 1097 1840 1151; x_wconf 74' lang='lat' dir='ltr'>mykilwort</span> 
     </span>
     <span class='ocr_line' id='line_1_15' title="bbox 333 1153 1840 1209; baseline 0 -13"><span class='ocrx_word' id='word_1_120' title='bbox 333 1154 500 1205; x_wconf 91' lang='lat' dir='ltr'>dicitur,</span> <span class='ocrx_word' id='word_1_121' title='bbox 517 1153 783 1204; x_wconf 89' lang='lat' dir='ltr'>miscuentes,</span> <span class='ocrx_word' id='word_1_122' title='bbox 803 1157 857 1205; x_wconf 88' lang='lat' dir='ltr'>et,</span> <span class='ocrx_word' id='word_1_123' title='bbox 873 1153 933 1195; x_wconf 88' lang='lat' dir='ltr'>eis</span> <span class='ocrx_word' id='word_1_124' title='bbox 953 1153 1101 1195; x_wconf 88' lang='lat' dir='ltr'>villam</span> <span class='ocrx_word' id='word_1_125' title='bbox 1120 1154 1167 1195; x_wconf 91' lang='lat' dir='ltr'>in</span> <span class='ocrx_word' id='word_1_126' title='bbox 1187 1154 1369 1196; x_wconf 85' lang='lat' dir='ltr'>crastino</span> <span class='ocrx_word' id='word_1_127' title='bbox 1390 1154 1504 1209; x_wconf 86' lang='lat' dir='ltr'>apud</span> <span class='ocrx_word' id='word_1_128' title='bbox 1524 1155 1700 1197; x_wconf 86' lang='lat' dir='ltr'>eandem</span> <span class='ocrx_word' id='word_1_129' title='bbox 1720 1155 1840 1197; x_wconf 90' lang='lat' dir='ltr'>veni-</span> 
     </span>
     <span class='ocr_line' id='line_1_16' title="bbox 333 1211 1838 1267; baseline 0.001 -14"><span class='ocrx_word' id='word_1_130' title='bbox 333 1212 503 1254; x_wconf 86' lang='lat' dir='ltr'>entibus</span> <span class='ocrx_word' id='word_1_131' title='bbox 532 1211 839 1266; x_wconf 85' lang='lat' dir='ltr'>promittentes,</span> <span class='ocrx_word' id='word_1_132' title='bbox 860 1211 913 1252; x_wconf 92' lang='lat' dir='ltr'>de</span> <span class='ocrx_word' id='word_1_133' title='bbox 941 1224 1088 1266; x_wconf 88' lang='lat' dir='ltr'>regum</span> <span class='ocrx_word' id='word_1_134' title='bbox 1115 1211 1380 1263; x_wconf 82' lang='lat' dir='ltr'>liberalitate,</span> <span class='ocrx_word' id='word_1_135' title='bbox 1407 1212 1455 1253; x_wconf 91' lang='lat' dir='ltr'>in</span> <span class='ocrx_word' id='word_1_136' title='bbox 1483 1212 1653 1267; x_wconf 87' lang='lat' dir='ltr'>signum</span> <span class='ocrx_word' id='word_1_137' title='bbox 1682 1213 1838 1255; x_wconf 84' lang='lat' dir='ltr'>futurae</span> 
     </span>
     <span class='ocr_line' id='line_1_17' title="bbox 333 1268 1839 1323; baseline 0.001 -12"><span class='ocrx_word' id='word_1_138' title='bbox 333 1269 600 1320; x_wconf 76' lang='lat' dir='ltr'>obedienciae,</span> <span class='ocrx_word' id='word_1_139' title='bbox 630 1269 980 1319; x_wconf 88' lang='lat' dir='ltr'>transmiserunt;</span> <span class='ocrx_word' id='word_1_140' title='bbox 1013 1268 1066 1310; x_wconf 91' lang='lat' dir='ltr'>de</span> <span class='ocrx_word' id='word_1_141' title='bbox 1099 1282 1184 1323; x_wconf 87' lang='lat' dir='ltr'>quo</span> <span class='ocrx_word' id='word_1_142' title='bbox 1222 1282 1296 1311; x_wconf 84' lang='lat' dir='ltr'>rex</span> <span class='ocrx_word' id='word_1_143' title='bbox 1328 1269 1591 1321; x_wconf 80' lang='lat' dir='ltr'>Noricorum,</span> <span class='ocrx_word' id='word_1_144' title='bbox 1621 1283 1719 1312; x_wconf 94' lang='lat' dir='ltr'>cum</span> <span class='ocrx_word' id='word_1_145' title='bbox 1747 1273 1839 1312; x_wconf 87' lang='lat' dir='ltr'>tota</span> 
     </span>
     <span class='ocr_line' id='line_1_18' title="bbox 331 1325 1838 1383; baseline 0 -14"><span class='ocrx_word' id='word_1_146' title='bbox 331 1327 503 1378; x_wconf 82' lang='lat' dir='ltr'>milicia,</span> <span class='ocrx_word' id='word_1_147' title='bbox 523 1340 650 1381; x_wconf 90' lang='lat' dir='ltr'>super</span> <span class='ocrx_word' id='word_1_148' title='bbox 668 1326 843 1368; x_wconf 92' lang='lat' dir='ltr'>modum</span> <span class='ocrx_word' id='word_1_149' title='bbox 871 1325 1039 1368; x_wconf 87' lang='lat' dir='ltr'>laetatus</span> <span class='ocrx_word' id='word_1_150' title='bbox 1069 1331 1144 1368; x_wconf 88' lang='lat' dir='ltr'>est.</span> <span class='ocrx_word' id='word_1_151' title='bbox 1204 1327 1520 1382; x_wconf 85' lang='lat' dir='ltr'>Consequenter</span> <span class='ocrx_word' id='word_1_152' title='bbox 1539 1341 1650 1379; x_wconf 90' lang='lat' dir='ltr'>vero,</span> <span class='ocrx_word' id='word_1_153' title='bbox 1669 1327 1733 1369; x_wconf 90' lang='lat' dir='ltr'>hii</span> <span class='ocrx_word' id='word_1_154' title='bbox 1762 1328 1838 1383; x_wconf 91' lang='lat' dir='ltr'>qui</span> 
     </span>
     <span class='ocr_line' id='line_1_19' title="bbox 331 1384 1838 1440; baseline 0.001 -14"><span class='ocrx_word' id='word_1_155' title='bbox 331 1385 483 1426; x_wconf 89' lang='lat' dir='ltr'>vinum</span> <span class='ocrx_word' id='word_1_156' title='bbox 502 1384 754 1439; x_wconf 75' lang='lat' dir='ltr'>praedictum</span> <span class='ocrx_word' id='word_1_157' title='bbox 774 1384 975 1426; x_wconf 85' lang='lat' dir='ltr'>ducentes</span> <span class='ocrx_word' id='word_1_158' title='bbox 1002 1386 1375 1438; x_wconf 74' lang='lat' dir='ltr'>praesentaverunt,</span> <span class='ocrx_word' id='word_1_159' title='bbox 1396 1398 1534 1427; x_wconf 86' lang='lat' dir='ltr'>coram</span> <span class='ocrx_word' id='word_1_160' title='bbox 1557 1398 1652 1440; x_wconf 87' lang='lat' dir='ltr'>rege</span> <span class='ocrx_word' id='word_1_161' title='bbox 1671 1385 1838 1427; x_wconf 87' lang='lat' dir='ltr'>Norwi-</span> 
     </span>
     <span class='ocr_line' id='line_1_20' title="bbox 333 1441 1837 1497; baseline 0.001 -13"><span class='ocrx_word' id='word_1_162' title='bbox 333 1441 495 1484; x_wconf 87' lang='lat' dir='ltr'>corum⁵</span> <span class='ocrx_word' id='word_1_163' title='bbox 514 1445 564 1484; x_wconf 89' lang='lat' dir='ltr'>ut</span> <span class='ocrx_word' id='word_1_164' title='bbox 583 1442 712 1483; x_wconf 89' lang='lat' dir='ltr'>moris</span> <span class='ocrx_word' id='word_1_165' title='bbox 741 1445 817 1492; x_wconf 90' lang='lat' dir='ltr'>est,</span> <span class='ocrx_word' id='word_1_166' title='bbox 838 1441 889 1483; x_wconf 92' lang='lat' dir='ltr'>de</span> <span class='ocrx_word' id='word_1_167' title='bbox 914 1441 1060 1483; x_wconf 92' lang='lat' dir='ltr'>eodem</span> <span class='ocrx_word' id='word_1_168' title='bbox 1079 1442 1180 1483; x_wconf 93' lang='lat' dir='ltr'>vino</span> <span class='ocrx_word' id='word_1_169' title='bbox 1209 1442 1407 1496; x_wconf 88' lang='lat' dir='ltr'>primitus</span> <span class='ocrx_word' id='word_1_170' title='bbox 1426 1443 1635 1497; x_wconf 88' lang='lat' dir='ltr'>gustando</span> <span class='ocrx_word' id='word_1_171' title='bbox 1664 1447 1837 1497; x_wconf 90' lang='lat' dir='ltr'>potave-</span> 
     </span>
     <span class='ocr_line' id='line_1_21' title="bbox 331 1498 1835 1555; baseline 0.001 -14"><span class='ocrx_word' id='word_1_172' title='bbox 331 1503 444 1551; x_wconf 92' lang='lat' dir='ltr'>runt,</span> <span class='ocrx_word' id='word_1_173' title='bbox 476 1499 552 1555; x_wconf 88' lang='lat' dir='ltr'>qui</span> <span class='ocrx_word' id='word_1_174' title='bbox 579 1499 715 1540; x_wconf 90' lang='lat' dir='ltr'>nichil</span> <span class='ocrx_word' id='word_1_175' title='bbox 744 1499 798 1540; x_wconf 86' lang='lat' dir='ltr'>ad</span> <span class='ocrx_word' id='word_1_176' title='bbox 829 1503 1007 1541; x_wconf 88' lang='lat' dir='ltr'>mortem</span> <span class='ocrx_word' id='word_1_177' title='bbox 1040 1498 1102 1541; x_wconf 90' lang='lat' dir='ltr'>eis</span> <span class='ocrx_word' id='word_1_178' title='bbox 1136 1499 1293 1541; x_wconf 90' lang='lat' dir='ltr'>nocuit.</span> <span class='ocrx_word' id='word_1_179' title='bbox 1356 1499 1448 1541; x_wconf 90' lang='lat' dir='ltr'>Alii</span> <span class='ocrx_word' id='word_1_180' title='bbox 1480 1513 1579 1542; x_wconf 88' lang='lat' dir='ltr'>vero</span> <span class='ocrx_word' id='word_1_181' title='bbox 1613 1500 1835 1555; x_wconf 84' lang='lat' dir='ltr'>posterius,</span> 
     </span>
     <span class='ocr_line' id='line_1_22' title="bbox 331 1555 1837 1613; baseline 0 -14"><span class='ocrx_word' id='word_1_182' title='bbox 331 1561 550 1613; x_wconf 81' lang='lat' dir='ltr'>gustantes</span> <span class='ocrx_word' id='word_1_183' title='bbox 564 1557 715 1599; x_wconf 89' lang='lat' dir='ltr'>vinum</span> <span class='ocrx_word' id='word_1_184' title='bbox 728 1570 781 1599; x_wconf 84' lang='lat' dir='ltr'>ex</span> <span class='ocrx_word' id='word_1_185' title='bbox 794 1556 1017 1598; x_wconf 90' lang='lat' dir='ltr'>dulcedine</span> <span class='ocrx_word' id='word_1_186' title='bbox 1030 1557 1208 1598; x_wconf 80' lang='lat' dir='ltr'>factum⁰</span> <span class='ocrx_word' id='word_1_187' title='bbox 1226 1555 1368 1599; x_wconf 87' lang='lat' dir='ltr'>dictae⁷</span> <span class='ocrx_word' id='word_1_188' title='bbox 1384 1556 1541 1599; x_wconf 87' lang='lat' dir='ltr'>elebori</span> <span class='ocrx_word' id='word_1_189' title='bbox 1561 1557 1837 1609; x_wconf 87' lang='lat' dir='ltr'>dulcoratum,</span> 
     </span>
     <span class='ocr_line' id='line_1_23' title="bbox 331 1614 1837 1671; baseline -0.001 -13"><span class='ocrx_word' id='word_1_190' title='bbox 331 1615 494 1671; x_wconf 90' lang='lat' dir='ltr'>egregie</span> <span class='ocrx_word' id='word_1_191' title='bbox 522 1618 729 1670; x_wconf 90' lang='lat' dir='ltr'>potantes,</span> <span class='ocrx_word' id='word_1_192' title='bbox 758 1627 846 1655; x_wconf 89' lang='lat' dir='ltr'>non</span> <span class='ocrx_word' id='word_1_193' title='bbox 879 1614 965 1655; x_wconf 91' lang='lat' dir='ltr'>nisi</span> <span class='ocrx_word' id='word_1_194' title='bbox 997 1614 1086 1669; x_wconf 89' lang='lat' dir='ltr'>regi</span> <span class='ocrx_word' id='word_1_195' title='bbox 1115 1618 1158 1656; x_wconf 88' lang='lat' dir='ltr'>et</span> <span class='ocrx_word' id='word_1_196' title='bbox 1191 1614 1458 1669; x_wconf 86' lang='lat' dir='ltr'>magnatibus</span> <span class='ocrx_word' id='word_1_197' title='bbox 1492 1615 1662 1657; x_wconf 88' lang='lat' dir='ltr'>miliciae</span> <span class='ocrx_word' id='word_1_198' title='bbox 1695 1615 1837 1657; x_wconf 86' lang='lat' dir='ltr'>distri-</span> 
     </span>
     <span class='ocr_line' id='line_1_24' title="bbox 329 1671 1835 1727; baseline 0 -13"><span class='ocrx_word' id='word_1_199' title='bbox 329 1672 539 1725; x_wconf 81' lang='lat' dir='ltr'>buerunt3</span> <span class='ocrx_word' id='word_1_200' title='bbox 568 1675 889 1726; x_wconf 87' lang='lat' dir='ltr'>verumptamen</span> <span class='ocrx_word' id='word_1_201' title='bbox 910 1671 1070 1714; x_wconf 85' lang='lat' dir='ltr'>amicus</span> <span class='ocrx_word' id='word_1_202' title='bbox 1086 1672 1220 1714; x_wconf 91' lang='lat' dir='ltr'>amico</span> <span class='ocrx_word' id='word_1_203' title='bbox 1242 1672 1351 1714; x_wconf 82' lang='lat' dir='ltr'>clam</span> <span class='ocrx_word' id='word_1_204' title='bbox 1365 1671 1436 1714; x_wconf 92' lang='lat' dir='ltr'>vel</span> <span class='ocrx_word' id='word_1_205' title='bbox 1454 1672 1596 1727; x_wconf 81' lang='lat' dir='ltr'>palam</span> <span class='ocrx_word' id='word_1_206' title='bbox 1617 1673 1668 1715; x_wconf 89' lang='lat' dir='ltr'>de</span> <span class='ocrx_word' id='word_1_207' title='bbox 1689 1673 1835 1716; x_wconf 89' lang='lat' dir='ltr'>eodem</span> 
     </span>
     <span class='ocr_line' id='line_1_25' title="bbox 329 1729 1836 1785; baseline 0.001 -13"><span class='ocrx_word' id='word_1_208' title='bbox 329 1730 614 1785; x_wconf 80' lang='lat' dir='ltr'>propinantes,</span> <span class='ocrx_word' id='word_1_209' title='bbox 643 1729 770 1784; x_wconf 87' lang='lat' dir='ltr'>pauci</span> <span class='ocrx_word' id='word_1_210' title='bbox 799 1732 920 1771; x_wconf 83' lang='lat' dir='ltr'>erant</span> <span class='ocrx_word' id='word_1_211' title='bbox 948 1729 1193 1785; x_wconf 89' lang='lat' dir='ltr'>no[ta]biles</span> <span class='ocrx_word' id='word_1_212' title='bbox 1223 1730 1299 1785; x_wconf 88' lang='lat' dir='ltr'>qui</span> <span class='ocrx_word' id='word_1_213' title='bbox 1327 1743 1462 1785; x_wconf 88' lang='lat' dir='ltr'>usque</span> <span class='ocrx_word' id='word_1_214' title='bbox 1487 1730 1541 1772; x_wconf 84' lang='lat' dir='ltr'>ad</span> <span class='ocrx_word' id='word_1_215' title='bbox 1570 1744 1836 1773; x_wconf 87' lang='lat' dir='ltr'>consumma-</span> 
     </span>
     <span class='ocr_line' id='line_1_26' title="bbox 329 1787 1835 1843; baseline 0.001 -14"><span class='ocrx_word' id='word_1_216' title='bbox 329 1788 495 1830; x_wconf 88' lang='lat' dir='ltr'>cionem</span> <span class='ocrx_word' id='word_1_217' title='bbox 515 1801 602 1830; x_wconf 90' lang='lat' dir='ltr'>non</span> <span class='ocrx_word' id='word_1_218' title='bbox 621 1787 878 1840; x_wconf 86' lang='lat' dir='ltr'>hauserunt,</span> <span class='ocrx_word' id='word_1_219' title='bbox 868 1802 877 1811; x_wconf 93' lang='lat'><strong>·</strong></span> <span class='ocrx_word' id='word_1_220' title='bbox 909 1787 994 1842; x_wconf 92' lang='lat' dir='ltr'>qui,</span> <span class='ocrx_word' id='word_1_221' title='bbox 1014 1791 1113 1830; x_wconf 83' lang='lat' dir='ltr'>ante</span> <span class='ocrx_word' id='word_1_222' title='bbox 1142 1791 1311 1830; x_wconf 90' lang='lat' dir='ltr'>noctem</span> <span class='ocrx_word' id='word_1_223' title='bbox 1329 1787 1424 1829; x_wconf 77' lang='lat' dir='ltr'>tali8</span> <span class='ocrx_word' id='word_1_224' title='bbox 1442 1788 1640 1830; x_wconf 89' lang='lat' dir='ltr'>inebriati</span> <span class='ocrx_word' id='word_1_225' title='bbox 1658 1788 1835 1843; x_wconf 87' lang='lat' dir='ltr'>liquore,</span> 
     </span>
     <span class='ocr_line' id='line_1_27' title="bbox 329 1844 1834 1897; baseline 0 -10"><span class='ocrx_word' id='word_1_226' title='bbox 329 1845 666 1888; x_wconf 87' lang='lat' dir='ltr'>dormitaverunt</span> <span class='ocrx_word' id='word_1_227' title='bbox 697 1858 842 1887; x_wconf 89' lang='lat' dir='ltr'>omnes</span> <span class='ocrx_word' id='word_1_228' title='bbox 872 1848 916 1887; x_wconf 93' lang='lat' dir='ltr'>et</span> <span class='ocrx_word' id='word_1_229' title='bbox 945 1844 1217 1887; x_wconf 84' lang='lat' dir='ltr'>dormierunt.</span> <span class='ocrx_word' id='word_1_230' title='bbox 1277 1845 1403 1897; x_wconf 79' lang='lat' dir='ltr'>Quos,</span> <span class='ocrx_word' id='word_1_231' title='bbox 1434 1849 1533 1887; x_wconf 86' lang='lat' dir='ltr'>ante</span> <span class='ocrx_word' id='word_1_232' title='bbox 1563 1845 1664 1887; x_wconf 90' lang='lat' dir='ltr'>solis</span> <span class='ocrx_word' id='word_1_233' title='bbox 1693 1849 1834 1887; x_wconf 91' lang='lat' dir='ltr'>ortum</span> 
     </span>
     <span class='ocr_line' id='line_1_28' title="bbox 329 1902 1834 1969; baseline 0.001 -24"><span class='ocrx_word' id='word_1_234' title='bbox 329 1903 727 1969; x_wconf 80' lang='lat' dir='ltr'>supervenientibus</span> <span class='ocrx_word' id='word_1_235' title='bbox 744 1902 880 1944; x_wconf 90' lang='lat' dir='ltr'>Scotis</span> <span class='ocrx_word' id='word_1_236' title='bbox 893 1916 990 1944; x_wconf 90' lang='lat' dir='ltr'>cum</span> <span class='ocrx_word' id='word_1_237' title='bbox 1007 1903 1151 1955; x_wconf 89' lang='lat' dir='ltr'>Pictis,</span> <span class='ocrx_word' id='word_1_238' title='bbox 1169 1916 1324 1955; x_wconf 89' lang='lat' dir='ltr'>omnes,</span> <span class='ocrx_word' id='word_1_239' title='bbox 1341 1902 1464 1957; x_wconf 88' lang='lat' dir='ltr'>quasi</span> <span class='ocrx_word' id='word_1_240' title='bbox 1482 1903 1601 1945; x_wconf 92' lang='lat' dir='ltr'>nullo</span> <span class='ocrx_word' id='word_1_241' title='bbox 1617 1903 1834 1954; x_wconf 87' lang='lat' dir='ltr'>evadente,</span> 
     </span>
     <span class='ocr_line' id='line_1_29' title="bbox 328 1960 1833 2016; baseline 0 -13"><span class='ocrx_word' id='word_1_242' title='bbox 328 1961 376 2002; x_wconf 89' lang='lat' dir='ltr'>in</span> <span class='ocrx_word' id='word_1_243' title='bbox 404 1974 475 2003; x_wconf 89' lang='grc'>010</span> <span class='ocrx_word' id='word_1_244' title='bbox 494 1960 626 2016; x_wconf 86' lang='lat' dir='ltr'>gladii</span> <span class='ocrx_word' id='word_1_245' title='bbox 652 1960 860 2002; x_wconf 89' lang='lat' dir='ltr'>conclusit</span> <span class='ocrx_word' id='word_1_246' title='bbox 888 1960 1126 2011; x_wconf 91' lang='lat' dir='ltr'>Dominus,</span> <span class='ocrx_word' id='word_1_247' title='bbox 1157 1961 1259 2015; x_wconf 87' lang='lat' dir='ltr'>quia</span> <span class='ocrx_word' id='word_1_248' title='bbox 1286 1963 1377 2002; x_wconf 89' lang='lat' dir='ltr'>tam</span> <span class='ocrx_word' id='word_1_249' title='bbox 1405 1974 1480 2002; x_wconf 87' lang='lat' dir='ltr'>rex</span> <span class='ocrx_word' id='word_1_250' title='bbox 1500 1974 1629 2015; x_wconf 87' lang='lat' dir='ltr'>quam</span> <span class='ocrx_word' id='word_1_251' title='bbox 1658 1960 1833 2012; x_wconf 89' lang='lat' dir='ltr'>nobiles,</span> 
     </span>
     <span class='ocr_line' id='line_1_30' title="bbox 328 1992 1834 2073; baseline 0 -12"><span class='ocrx_word' id='word_1_252' title='bbox 328 2033 427 2061; x_wconf 92' lang='lat' dir='ltr'>cum</span> <span class='ocrx_word' id='word_1_253' title='bbox 450 2023 542 2061; x_wconf 89' lang='lat' dir='ltr'>tota</span> <span class='ocrx_word' id='word_1_254' title='bbox 569 2022 694 2073; x_wconf 91' lang='lat' dir='ltr'>gente</span> <span class='ocrx_word' id='word_1_255' title='bbox 723 2031 812 2068; x_wconf 88' lang='lat' dir='ltr'>sua,</span> <span class='ocrx_word' id='word_1_256' title='bbox 831 2017 1015 2059; x_wconf 87' lang='lat' dir='ltr'>finaliter</span> <span class='ocrx_word' id='word_1_257' title='bbox 1043 1992 1269 2072; x_wconf 73' lang='lat' dir='ltr'>perierunt,</span> <span class='ocrx_word' id='word_1_258' title='bbox 1289 2018 1410 2073; x_wconf 86' lang='lat' dir='ltr'>cujus</span> <span class='ocrx_word' id='word_1_259' title='bbox 1437 2018 1607 2073; x_wconf 90' lang='lat' dir='ltr'>signum</span> <span class='ocrx_word' id='word_1_260' title='bbox 1636 2018 1691 2061; x_wconf 90' lang='lat' dir='ltr'>ad</span> <span class='ocrx_word' id='word_1_261' title='bbox 1718 2018 1834 2061; x_wconf 88' lang='lat' dir='ltr'>hunc</span> 
     </span>
     <span class='ocr_line' id='line_1_31' title="bbox 329 2074 1833 2132; baseline 0 -14"><span class='ocrx_word' id='word_1_262' title='bbox 329 2076 443 2119; x_wconf 93' lang='lat' dir='ltr'>diem</span> <span class='ocrx_word' id='word_1_263' title='bbox 471 2090 547 2132; x_wconf 91' lang='lat' dir='ltr'>per</span> <span class='ocrx_word' id='word_1_264' title='bbox 566 2075 771 2131; x_wconf 87' lang='lat' dir='ltr'>quosdam</span> <span class='ocrx_word' id='word_1_265' title='bbox 800 2075 1055 2117; x_wconf 89' lang='lat' dir='ltr'>monticulos</span> <span class='ocrx_word' id='word_1_266' title='bbox 1085 2075 1131 2116; x_wconf 92' lang='lat' dir='ltr'>in</span> <span class='ocrx_word' id='word_1_267' title='bbox 1161 2074 1422 2130; x_wconf 87' lang='lat' dir='ltr'>sepulturam</span> <span class='ocrx_word' id='word_1_268' title='bbox 1452 2080 1715 2118; x_wconf 83' lang='lat' dir='ltr'>mortuorum</span> <span class='ocrx_word' id='word_1_269' title='bbox 1744 2077 1833 2118; x_wconf 92' lang='lat' dir='ltr'>evi-</span> 
     </span>
     <span class='ocr_line' id='line_1_32' title="bbox 328 2133 1833 2188; baseline -0.001 -12"><span class='ocrx_word' id='word_1_270' title='bbox 328 2134 478 2176; x_wconf 89' lang='lat' dir='ltr'>denter</span> <span class='ocrx_word' id='word_1_271' title='bbox 496 2134 543 2175; x_wconf 89' lang='lat' dir='ltr'>in</span> <span class='ocrx_word' id='word_1_272' title='bbox 562 2134 676 2175; x_wconf 84' lang='lat' dir='ltr'>dicto</span> <span class='ocrx_word' id='word_1_273' title='bbox 695 2133 787 2175; x_wconf 92' lang='lat' dir='ltr'>loco</span> <span class='ocrx_word' id='word_1_274' title='bbox 807 2146 1007 2188; x_wconf 86' lang='lat' dir='ltr'>apparere</span> <span class='ocrx_word' id='word_1_275' title='bbox 1027 2133 1182 2188; x_wconf 88' lang='lat' dir='ltr'>poterit</span> <span class='ocrx_word' id='word_1_276' title='bbox 1205 2133 1542 2188; x_wconf 89' lang='lat' dir='ltr'>inspicientibus.</span> <span class='ocrx_word' id='word_1_277' title='bbox 1602 2133 1727 2185; x_wconf 80' lang='lat' dir='ltr'>Quod</span> <span class='ocrx_word' id='word_1_278' title='bbox 1745 2147 1833 2176; x_wconf 91' lang='lat' dir='ltr'>non</span> 
     </span>
     <span class='ocr_line' id='line_1_33' title="bbox 328 2190 1833 2247; baseline 0.001 -14"><span class='ocrx_word' id='word_1_279' title='bbox 328 2191 527 2234; x_wconf 87' lang='lat' dir='ltr'>inmerito</span> <span class='ocrx_word' id='word_1_280' title='bbox 562 2205 588 2233; x_wconf 89' lang='grc'>0</span> <span class='ocrx_word' id='word_1_281' title='bbox 618 2191 806 2233; x_wconf 89' lang='lat' dir='ltr'>Domino</span> <span class='ocrx_word' id='word_1_282' title='bbox 844 2190 1098 2246; x_wconf 89' lang='lat' dir='ltr'>permissum</span> <span class='ocrx_word' id='word_1_283' title='bbox 1133 2194 1224 2243; x_wconf 89' lang='lat' dir='ltr'>est;</span> <span class='ocrx_word' id='word_1_284' title='bbox 1258 2204 1358 2233; x_wconf 89' lang='lat' dir='ltr'>nam</span> <span class='ocrx_word' id='word_1_285' title='bbox 1398 2205 1451 2233; x_wconf 89' lang='lat' dir='ltr'>ex</span> <span class='ocrx_word' id='word_1_286' title='bbox 1482 2191 1659 2247; x_wconf 90' lang='lat' dir='ltr'>antiquo</span> <span class='ocrx_word' id='word_1_287' title='bbox 1699 2191 1833 2234; x_wconf 88' lang='lat' dir='ltr'>fertur</span> 
     </span>
     <span class='ocr_line' id='line_1_34' title="bbox 327 2247 1832 2304; baseline 0 -13"><span class='ocrx_word' id='word_1_288' title='bbox 327 2250 551 2304; x_wconf 79' lang='lat' dir='ltr'>praedictos</span> <span class='ocrx_word' id='word_1_289' title='bbox 571 2249 748 2291; x_wconf 89' lang='lat' dir='ltr'>Noricos</span> <span class='ocrx_word' id='word_1_290' title='bbox 768 2247 914 2304; x_wconf 87' lang='lat' dir='ltr'>regna⁹</span> <span class='ocrx_word' id='word_1_291' title='bbox 927 2248 1144 2291; x_wconf 86' lang='lat' dir='ltr'>Pictorum</span> <span class='ocrx_word' id='word_1_292' title='bbox 1156 2252 1199 2291; x_wconf 91' lang='lat' dir='ltr'>et</span> <span class='ocrx_word' id='word_1_293' title='bbox 1220 2249 1440 2291; x_wconf 89' lang='lat' dir='ltr'>Scotorum</span> <span class='ocrx_word' id='word_1_294' title='bbox 1459 2249 1602 2291; x_wconf 76' lang='lat' dir='ltr'>taliter</span> <span class='ocrx_word' id='word_1_295' title='bbox 1615 2249 1832 2300; x_wconf 88' lang='lat' dir='ltr'>invasisse,</span> 
     </span>
     <span class='ocr_line' id='line_1_35' title="bbox 327 2306 1832 2362; baseline 0 -14"><span class='ocrx_word' id='word_1_296' title='bbox 327 2307 586 2349; x_wconf 87' lang='lat' dir='ltr'>destruxisse</span> <span class='ocrx_word' id='word_1_297' title='bbox 616 2311 660 2349; x_wconf 89' lang='lat' dir='ltr'>et</span> <span class='ocrx_word' id='word_1_298' title='bbox 678 2310 876 2357; x_wconf 81' lang='lat' dir='ltr'>vastasse,</span> <span class='ocrx_word' id='word_1_299' title='bbox 896 2306 1010 2361; x_wconf 93' lang='lat' dir='ltr'>quod</span> <span class='ocrx_word' id='word_1_300' title='bbox 1038 2306 1125 2348; x_wconf 90' lang='lat' dir='ltr'>fere</span> <span class='ocrx_word' id='word_1_301' title='bbox 1153 2309 1244 2348; x_wconf 88' lang='lat' dir='ltr'>tota</span> <span class='ocrx_word' id='word_1_302' title='bbox 1271 2307 1411 2362; x_wconf 84' lang='lat' dir='ltr'>patria</span> <span class='ocrx_word' id='word_1_303' title='bbox 1429 2320 1505 2362; x_wconf 88' lang='lat' dir='ltr'>per</span> <span class='ocrx_word' id='word_1_304' title='bbox 1533 2320 1604 2348; x_wconf 91' lang='lat' dir='ltr'>eos</span> <span class='ocrx_word' id='word_1_305' title='bbox 1627 2310 1832 2361; x_wconf 84' lang='lat' dir='ltr'>occupata</span> 
     </span>
     <span class='ocr_line' id='line_1_36' title="bbox 327 2364 1830 2420; baseline 0 -14"><span class='ocrx_word' id='word_1_306' title='bbox 327 2364 476 2414; x_wconf 90' lang='lat' dir='ltr'>fuerat,</span> <span class='ocrx_word' id='word_1_307' title='bbox 509 2365 659 2406; x_wconf 84' lang='lat' dir='ltr'>multis</span> <span class='ocrx_word' id='word_1_308' title='bbox 699 2364 866 2406; x_wconf 87' lang='lat' dir='ltr'>cladis¹⁰</span> <span class='ocrx_word' id='word_1_309' title='bbox 893 2364 1278 2406; x_wconf 89' lang='lat' dir='ltr'>intervenientibus</span> <span class='ocrx_word' id='word_1_310' title='bbox 1317 2367 1360 2407; x_wconf 89' lang='lat' dir='ltr'>et</span> <span class='ocrx_word' id='word_1_311' title='bbox 1399 2364 1700 2406; x_wconf 85' lang='lat' dir='ltr'>crudelissimis</span> <span class='ocrx_word' id='word_1_312' title='bbox 1728 2378 1830 2420; x_wconf 90' lang='lat' dir='ltr'>gen-</span> 
     </span>
     <span class='ocr_line' id='line_1_37' title="bbox 328 2421 1831 2477; baseline 0 -13"><span class='ocrx_word' id='word_1_313' title='bbox 328 2421 444 2464; x_wconf 91' lang='lat' dir='ltr'>cium</span> <span class='ocrx_word' id='word_1_314' title='bbox 473 2422 855 2464; x_wconf 88' lang='lat' dir='ltr'>innumerabilibus</span> <span class='ocrx_word' id='word_1_315' title='bbox 885 2421 1176 2473; x_wconf 89' lang='lat' dir='ltr'>occisionibus,</span> <span class='ocrx_word' id='word_1_316' title='bbox 1197 2421 1312 2477; x_wconf 90' lang='lat' dir='ltr'>quod</span> <span class='ocrx_word' id='word_1_317' title='bbox 1339 2422 1571 2464; x_wconf 88' lang='lat' dir='ltr'>taedeosum</span> <span class='ocrx_word' id='word_1_318' title='bbox 1601 2425 1714 2464; x_wconf 87' lang='lat' dir='ltr'>esset</span> <span class='ocrx_word' id='word_1_319' title='bbox 1742 2435 1831 2464; x_wconf 92' lang='lat' dir='ltr'>me-</span> 
     </span>
     <span class='ocr_line' id='line_1_38' title="bbox 327 2479 968 2534; baseline 0.002 -14"><span class='ocrx_word' id='word_1_320' title='bbox 327 2479 499 2520; x_wconf 88' lang='lat' dir='ltr'>morado</span> <span class='ocrx_word' id='word_1_321' title='bbox 519 2479 565 2520; x_wconf 92' lang='lat' dir='ltr'>in</span> <span class='ocrx_word' id='word_1_322' title='bbox 585 2479 752 2534; x_wconf 87' lang='lat' dir='ltr'>scriptis</span> <span class='ocrx_word' id='word_1_323' title='bbox 772 2479 968 2534; x_wconf 89' lang='lat' dir='ltr'>redigere.</span> 
     </span>
    </p>
   </div>
   <div class='ocr_carea' id='block_1_3' title="bbox 388 2602 1715 2732">
    <p class='ocr_par' dir='ltr' id='par_1_3' title="bbox 388 2602 1715 2732">
     <span class='ocr_line' id='line_1_39' title="bbox 390 2602 1546 2646; baseline -0.001 -9"><span class='ocrx_word' id='word_1_324' title='bbox 390 2602 403 2625; x_wconf 87' lang='lat'>¹</span> <span class='ocrx_word' id='word_1_325' title='bbox 420 2603 456 2637; x_wconf 86' lang='lat' dir='ltr'>C.</span> <span class='ocrx_word' id='word_1_326' title='bbox 476 2603 631 2637; x_wconf 83' lang='lat' dir='ltr'>Noricos.</span> <span class='ocrx_word' id='word_1_327' title='bbox 907 2602 921 2625; x_wconf 85' lang='lat'><strong><em>2</em></strong></span> <span class='ocrx_word' id='word_1_328' title='bbox 937 2603 976 2636; x_wconf 90' lang='lat' dir='ltr'>B.</span> <span class='ocrx_word' id='word_1_329' title='bbox 995 2603 1197 2645; x_wconf 86' lang='lat' dir='ltr'>Gloncarty.</span> <span class='ocrx_word' id='word_1_330' title='bbox 1246 2604 1284 2637; x_wconf 82' lang='grc' dir='ltr'>Ο.</span> <span class='ocrx_word' id='word_1_331' title='bbox 1302 2603 1342 2637; x_wconf 87' lang='grc' dir='ltr'>Ε.</span> <span class='ocrx_word' id='word_1_332' title='bbox 1363 2603 1546 2646; x_wconf 82' lang='lat' dir='ltr'>Loncarty.</span> 
     </span>
     <span class='ocr_line' id='line_1_40' title="bbox 388 2648 1715 2694; baseline 0.001 -10"><span class='ocrx_word' id='word_1_333' title='bbox 388 2649 404 2672; x_wconf 83' lang='lat'>³</span> <span class='ocrx_word' id='word_1_334' title='bbox 419 2651 455 2684; x_wconf 85' lang='lat' dir='ltr'>C.</span> <span class='ocrx_word' id='word_1_335' title='bbox 475 2651 516 2683; x_wconf 93' lang='lat' dir='ltr'>D.</span> <span class='ocrx_word' id='word_1_336' title='bbox 535 2651 574 2683; x_wconf 92' lang='grc' dir='ltr'>Ε.</span> <span class='ocrx_word' id='word_1_337' title='bbox 593 2650 818 2694; x_wconf 80' lang='lat' dir='ltr'>Norowagiae.</span> <span class='ocrx_word' id='word_1_338' title='bbox 905 2648 919 2671; x_wconf 79' lang='lat'>4</span> <span class='ocrx_word' id='word_1_339' title='bbox 936 2650 973 2683; x_wconf 83' lang='lat' dir='ltr'>O.</span> <span class='ocrx_word' id='word_1_340' title='bbox 993 2650 1033 2683; x_wconf 93' lang='lat' dir='ltr'>D.</span> <span class='ocrx_word' id='word_1_341' title='bbox 1053 2650 1093 2682; x_wconf 86' lang='lat' dir='ltr'>E.</span> <span class='ocrx_word' id='word_1_342' title='bbox 1113 2650 1176 2682; x_wconf 89' lang='lat' dir='ltr'>usi.</span> <span class='ocrx_word' id='word_1_343' title='bbox 1411 2650 1426 2672; x_wconf 86' lang='lat'>⁶</span> <span class='ocrx_word' id='word_1_344' title='bbox 1444 2650 1479 2683; x_wconf 83' lang='lat' dir='ltr'>C.</span> <span class='ocrx_word' id='word_1_345' title='bbox 1499 2651 1715 2685; x_wconf 86' lang='lat' dir='ltr'>Noricorum.</span> 
     </span>
     <span class='ocr_line' id='line_1_41' title="bbox 388 2695 1685 2732; baseline 0.002 -3"><span class='ocrx_word' id='word_1_346' title='bbox 388 2695 403 2718; x_wconf 81' lang='lat'>⁶</span> <span class='ocrx_word' id='word_1_347' title='bbox 420 2697 457 2730; x_wconf 85' lang='lat' dir='ltr'>O.</span> <span class='ocrx_word' id='word_1_348' title='bbox 475 2697 514 2730; x_wconf 85' lang='lat' dir='ltr'>E.</span> <span class='ocrx_word' id='word_1_349' title='bbox 532 2697 722 2730; x_wconf 81' lang='lat' dir='ltr'>fructuum.</span> <span class='ocrx_word' id='word_1_350' title='bbox 903 2695 917 2718; x_wconf 84' lang='lat'>⁷</span> <span class='ocrx_word' id='word_1_351' title='bbox 935 2697 973 2729; x_wconf 88' lang='lat' dir='ltr'>B.</span> <span class='ocrx_word' id='word_1_352' title='bbox 994 2698 1091 2729; x_wconf 70' lang='lat' dir='ltr'>omits</span> <span class='ocrx_word' id='word_1_353' title='bbox 1107 2696 1221 2729; x_wconf 83' lang='lat' dir='ltr'>dictae.</span> <span class='ocrx_word' id='word_1_354' title='bbox 1411 2695 1426 2718; x_wconf 79' lang='lat'><strong>⁶</strong></span> <span class='ocrx_word' id='word_1_355' title='bbox 1443 2698 1482 2731; x_wconf 88' lang='lat' dir='ltr'>B.</span> <span class='ocrx_word' id='word_1_356' title='bbox 1500 2699 1597 2731; x_wconf 71' lang='lat' dir='ltr'>omits</span> <span class='ocrx_word' id='word_1_357' title='bbox 1613 2698 1685 2732; x_wconf 82' lang='lat' dir='ltr'>tali.</span> 
     </span>
    </p>
   </div>
   <div class='ocr_carea' id='block_1_4' title="bbox 389 2741 1274 2788">
    <p class='ocr_par' dir='ltr' id='par_1_4' title="bbox 389 2741 1274 2788">
     <span class='ocr_line' id='line_1_42' title="bbox 389 2741 1274 2788; baseline 0 -12"><span class='ocrx_word' id='word_1_358' title='bbox 389 2742 403 2764; x_wconf 82' lang='lat'>⁰</span> <span class='ocrx_word' id='word_1_359' title='bbox 420 2744 457 2778; x_wconf 92' lang='lat' dir='ltr'>B.</span> <span class='ocrx_word' id='word_1_360' title='bbox 477 2744 507 2777; x_wconf 88' lang='grc' dir='ltr'><strong>Ε</strong></span> <span class='ocrx_word' id='word_1_361' title='bbox 523 2755 678 2788; x_wconf 84' lang='lat' dir='ltr'>regnum.</span> <span class='ocrx_word' id='word_1_362' title='bbox 880 2741 908 2764; x_wconf 85' lang='lat'>1⁰</span> <span class='ocrx_word' id='word_1_363' title='bbox 925 2743 963 2776; x_wconf 92' lang='lat' dir='ltr'>B.</span> <span class='ocrx_word' id='word_1_364' title='bbox 984 2743 1021 2777; x_wconf 80' lang='lat' dir='ltr'>O.</span> <span class='ocrx_word' id='word_1_365' title='bbox 1042 2743 1082 2776; x_wconf 88' lang='grc' dir='ltr'>Ε.</span> <span class='ocrx_word' id='word_1_366' title='bbox 1104 2743 1274 2776; x_wconf 78' lang='lat' dir='ltr'>cladibus.</span> 
     </span>
    </p>
   </div>
  </div>
 </body>
</html>
