2008 3360
769 289 894 320 mmm
914 288 1119 320 DECIMUS.
1616 281 1694 320 345

196 392 376 437 oderunt
416 409 508 438 eos:
538 395 613 438 ubi
653 395 767 451 apud
807 394 1106 450 Schrevisbery
1144 393 1416 437 commissum
1444 399 1509 436 est
1536 394 1698 436 bellum

194 452 399 504 mirabile,
418 454 495 495 ubi
529 454 657 495 multi
691 453 853 496 nobiles
888 453 1131 495 ceciderunt
1165 466 1218 494 ex
1252 456 1432 508 utraque
1466 456 1585 508 parte
1605 453 1696 493 An-

193 509 369 564 glorum.
429 512 764 567 Verumptamen
782 511 1077 567 gub[er]nator
1097 510 1264 561 Scociae,
1284 511 1443 553 inscius
1473 510 1591 552 illius
1612 510 1696 551 dis-

194 568 346 610 cordiae
375 569 626 625 Anglorum‚
646 571 738 612 Deo
768 572 1030 624 cooperante,
1050 568 1126 623 qui
1155 568 1322 624 flagella
1350 568 1580 611 iracundiae
1609 581 1697 609 suae

194 639 220 666 a
240 626 462 669 Scotorum
481 628 657 670 nacione
676 628 757 670 hac
786 627 879 669 vice
909 627 1095 677 divertit,
1115 626 1290 668 collecto
1311 627 1519 668 nobilium
1541 626 1697 668 Scociae

194 685 382 726 exercitu
412 686 602 736 notabili,
622 699 796 727 numero
826 685 1045 740 sexaginta
1074 684 1210 726 millia
1239 688 1507 735 armatorum,
1526 684 1699 726 secessit

194 741 240 781 in
261 743 523 785 Laudoniam
553 748 652 785 ante
682 743 795 786 diem
825 746 1059 795 statutum3
1088 746 1141 793 et,
1162 742 1263 797 quia
1291 742 1429 784 multa
1456 742 1549 784 loca
1567 742 1699 784 forcia

193 799 239 839 in
259 800 415 843 finibus
435 801 717 843 marchiarum
736 815 812 856 per
830 800 1068 856 Anglorum
1088 800 1301 842 maliciam
1320 804 1508 855 tempore
1529 800 1696 842 conflic-

193 860 317 899 tuum
352 858 405 901 de
440 859 607 914 Nesbyt
641 863 684 901 et
719 859 771 901 de
806 858 1076 900 Hammilton
1111 862 1235 913 capta
1257 862 1300 900 et
1320 858 1493 900 detenta
1512 858 1696 908 fuerunt,

192 915 285 970 ipse
319 917 575 971 gubernator
609 917 755 959 eadem
789 916 882 959 loca
916 916 1153 958 obsedendo
1179 916 1445 971 recuperavit
1474 919 1518 958 et
1538 915 1697 957 dicioni

191 974 300 1028 regis
341 975 610 1030 subjugavit:
656 979 699 1017 et
734 975 949 1030 signanter
988 978 1175 1016 castrum
1213 974 1266 1016 de
1306 974 1541 1028 Innyrwik,
1582 973 1697 1028 quod

192 1031 388 1074 funditus
409 1033 462 1074 ad
482 1033 654 1075 terram¹
674 1033 926 1088 prostravit3
956 1035 998 1074 et
1019 1031 1171 1074 deinde
1192 1032 1306 1087 apud
1327 1032 1501 1074 Coklaw
1514 1031 1568 1073 ad
1583 1031 1697 1073 diem

190 1089 414 1143 praefixum
449 1104 546 1132 cum
581 1091 770 1133 exercitu
804 1089 1045 1145 supradicto
1073 1103 1116 1132 se
1136 1090 1420 1145 praesentavit.
1480 1090 1575 1139 Sed,
1596 1089 1698 1144 quia

188 1161 337 1201 guerra
357 1148 546 1190 mortalis
567 1148 679 1190 inter
698 1148 862 1190 dictum
883 1148 1118 1189 Henricum
1145 1148 1279 1203 Percy
1298 1151 1342 1190 et
1370 1161 1509 1203 regem
1540 1147 1697 1189 Henri-

189 1218 287 1246 cum
322 1205 488 1259 Angliae
523 1210 669 1248 exorta
704 1209 779 1257 est,
814 1205 953 1248 dictus
992 1205 1206 1247 Henricus
1241 1205 1295 1247 ad
1326 1207 1547 1260 praefixum
1583 1205 1697 1247 diem

187 1262 302 1316 apud
339 1263 514 1305 Coklaw
548 1277 788 1318 comparere
817 1277 904 1305 non
933 1263 1099 1305 curavit
1112 1278 1122 1314 ;
1151 1262 1225 1305 sed
1255 1277 1353 1304 cum
1383 1263 1697 1318 omnipotencia

188 1334 266 1362 sua
281 1325 426 1363 contra
440 1335 581 1376 regem
596 1321 859 1376 praedictum,
874 1320 1032 1363 violato
1047 1320 1265 1362 fidelitatis
1278 1325 1321 1363 et
1335 1321 1435 1376 legii
1443 1322 1697 1375 juramento,

190 1378 304 1433 apud
324 1378 488 1421 dictum
508 1380 651 1421 locum
667 1379 719 1422 de
736 1379 1034 1433 Schrevisbery
1050 1379 1095 1419 in
1110 1378 1221 1420 bello
1237 1378 1480 1434 campestri2
1494 1378 1696 1420 adversus

188 1436 425 1478 Dominum
446 1441 489 1479 et
508 1437 710 1479 adversus
732 1437 950 1480 Christum
980 1437 1071 1491 ejus
1088 1450 1132 1478 se
1152 1436 1384 1491 prodiciose
1403 1436 1696 1492 praesentando

189 1494 421 1536 rebellavit.
483 1495 607 1546 Quod
642 1509 739 1537 cum
774 1495 1007 1537 audivisset
1041 1494 1129 1535 dux
1157 1494 1352 1536 Albaniae
1372 1498 1415 1536 et
1433 1495 1697 1550 gubernator,

190 1551 418 1606 publicatis
453 1553 587 1602 novis,
607 1552 900 1608 unusquisque
935 1565 1126 1595 reversus
1147 1556 1212 1594 est
1238 1552 1284 1594 in
1313 1566 1416 1608 pace
1446 1553 1491 1594 in
1522 1552 1697 1595 domum

191 1623 323 1660 suam,
344 1610 638 1666 magnificans³
657 1611 808 1652 Deum.

243 1816 458 1872 Sequitur
479 1818 525 1863 ht
546 1819 658 1864 hzllo
677 1820 723 1864 he
744 1816 1060 1874 §chtznizhem
1083 1832 1173 1863 mm
1192 1817 1562 1863 incihenciiz.—Q1:.
1586 1831 1650 1861 xx.

190 1919 431 1979 &IROA
470 1951 631 1979 annum
671 1937 848 1979 Domini
880 1942 983 1978 Μ·1111111
1005 1942 1141 1979 cccc¹¹¹¹¹
1168 1935 1360 1986 tercium,
1396 1934 1611 1977 Henricus
1647 1935 1700 1978 de
1723 1940 1896 1972 A-D-1403-

189 1994 323 2048 Percy
337 1994 494 2049 junior,
514 1995 654 2037 dictus
674 1995 726 2038 de
748 1996 978 2050 Hatspure,
997 1994 1172 2037 collecto
1192 1993 1342 2050 grandi
1358 1994 1548 2035 exercitu
1563 1993 1699 2045 valde,

191 2051 396 2094 similavit
414 2066 460 2095 se
491 2054 605 2108 apud
638 2053 811 2096 Coklaw
843 2054 898 2095 ad
929 2052 1293 2107 recuperacionem
1323 2050 1440 2093 illius
1471 2051 1562 2093 sine
1592 2051 1699 2094 dila-

189 2109 310 2151 cione
349 2110 520 2162 iturum,
559 2111 661 2154 licet
700 2112 822 2153 aliter
860 2111 907 2153 in
946 2114 1088 2152 mente
1126 2114 1424 2165 proposuerat:
1483 2123 1595 2160 nam,
1644 2123 1698 2152 ex

189 2166 380 2209 inimicia
399 2168 592 2223 antiqua⁴
606 2173 752 2211 contra
770 2183 912 2224 regem
933 2169 1168 2210 Henricum
1188 2168 1431 2223 praehabita,
1446 2181 1499 2209 ex
1520 2181 1569 2209 eo
1584 2168 1698 2222 quod

189 2238 234 2266 se
255 2228 299 2267 et
317 2229 480 2280 patrem
501 2240 637 2277 suum,
652 2227 888 2269 Henricum
909 2226 961 2267 dc
982 2227 1114 2281 Percy
1135 2226 1351 2275 seniorem,
1382 2229 1528 2267 contra
1557 2239 1697 2281 regem

190 2282 419 2324 Ricardum
458 2283 696 2326 seducendo
740 2284 981 2334 inducebat,
1020 2287 1064 2326 et
1102 2283 1238 2325 multa
1277 2283 1360 2325 sibi
1408 2283 1696 2338 promittendo

190 2340 366 2382 minime
386 2341 676 2396 perimplebat,
697 2342 749 2383 ad
771 2342 1116 2384 confundendum
1144 2345 1187 2383 et
1205 2341 1379 2383 omnino
1399 2341 1696 2395 deponendum

190 2398 355 2440 dictum
393 2412 532 2453 regem
581 2400 818 2442 Henricum
857 2399 1054 2441 omnibus
1093 2399 1255 2441 viribus
1294 2399 1564 2454 proponebat.
1625 2399 1696 2441 Ad

190 2470 318 2510 quem
350 2456 482 2498 eciam
516 2471 657 2512 regem
696 2456 951 2500 Henricum⁵
991 2456 1333 2507 subvertendum,
1372 2470 1471 2499 cum
1509 2470 1557 2498 eo
1596 2470 1695 2499 con—

189 2514 383 2556 foederati
404 2519 523 2556 erant
543 2515 631 2556 dux
657 2515 943 2565 Eboracensis‚
964 2528 1103 2557 comes
1124 2514 1175 2556 de
1205 2514 1447 2557 Stauefurdss
1466 2517 1510 2556 et
1528 2515 1695 2557 Daron-

189 2572 294 2623 dale,
315 2586 389 2627 per
418 2586 562 2614 eorum
591 2573 747 2624 literas,
767 2573 916 2628 sigillis
950 2586 1095 2615 eorum
1124 2572 1347 2623 roboratas,
1379 2572 1567 2615 dicentes
1596 2587 1695 2615 eum

189 2642 387 2672 coronam
406 2629 582 2685 injuste⁷
595 2634 638 2673 et
657 2631 804 2686 inique
819 2644 1057 2686 usurpasse,
1072 2633 1115 2672 et
1129 2631 1379 2686 praedictum
1393 2644 1533 2686 regem
1549 2631 1692 2672 Ricar-

190 2687 293 2729 dum
323 2688 518 2743 nequiter
547 2688 802 2744 deposuisse,
831 2694 977 2731 contra
1010 2688 1139 2730 fidem
1173 2691 1217 2731 et
1249 2688 1503 2744 promissum
1537 2688 1692 2743 quibus

252 2809 262 2831 ¹
283 2812 319 2844 O.
339 2811 378 2846 E.
397 2812 470 2845 add
485 2815 637 2855 captum.
1227 2811 1241 2833 ²
1258 2812 1294 2846 C.
1314 2812 1353 2844 E.
1372 2812 1444 2844 add
1460 2814 1496 2844 et
1513 2811 1662 2844 mortali.

252 2856 265 2879 ³
283 2859 319 2891 C.
339 2859 378 2892 E.
397 2860 469 2892 add
486 2863 523 2893 et
539 2860 742 2903 glorificans.
1230 2857 1242 2879 ¹
1261 2859 1296 2892 C.
1317 2859 1470 2901 antique.

254 2903 268 2924 ⁵
286 2906 685 2940 omnibus—Henricum
702 2909 737 2941 in
754 2908 889 2950 maryin
907 2906 1002 2941 lacer.

253 2950 267 2971 ⁰
284 2952 320 2984 O.
340 2953 380 2986 E.
398 2953 584 2987 Staffurde.
1228 2951 1240 2974 ⁷
1255 2953 1292 2986 C.
1312 2952 1473 2994 inJ'ustat.
