2008 3360
254 791 334 848 [232
354 806 442 847 ¹52ssss
462 792 627 846 {Iaccho
645 793 783 848 ptimo
804 793 933 849 hujus
953 792 1155 844 martiniz,
1175 806 1265 837 cunt
1285 792 1617 849 incihzntihuap

803 859 851 904 (ΞΕ.
874 859 1068 914 primunt.

198 941 577 1010 {EQOSTQUAM
606 958 745 1001 incliti
774 959 994 1014 principes,
1013 958 1091 1001 viz,
1121 973 1195 1001 rex
1225 959 1431 1001 Robertus
1461 958 1683 1008 secundus,

192 1016 342 1058 eciam2
356 1018 520 1067 tercius,
541 1031 638 1059 cum
658 1017 748 1071 ejus
768 1016 1044 1072 primogenito
1064 1017 1205 1058 David
1224 1017 1330 1059 duce
1350 1016 1550 1071 Rothsay,
1569 1017 1682 1058 viam

191 1074 414 1116 universaess
428 1075 563 1116 carnis
579 1075 779 1130 ingresse*
799 1078 909 1125 sunt,
924 1088 1049 1130 regno
1068 1075 1115 1116 in
1134 1075 1334 1130 regimine
1350 1075 1469 1117 ducis
1488 1074 1683 1116 Albaniae

192 1132 331 1173 fratris
366 1133 469 1174 dicti
498 1133 669 1174 Roberti
700 1132 808 1186 regis
842 1132 963 1174 tercii
996 1132 1152 1183 relicto,
1184 1136 1226 1174 et
1259 1132 1398 1174 missis
1432 1132 1479 1173 in
1508 1133 1683 1174 Francia

192 1190 246 1230 ad
284 1190 536 1231 instanciam
573 1189 682 1244 regis
721 1189 908 1244 ejusdem
946 1190 1260 1244 praenominatis
1298 1190 1570 1245 principibus,
1603 1190 1682 1232 viZ.

192 1247 222 1287 J
224 1247 388 1289 ohanne
408 1248 560 1289 comite
580 1247 819 1297 Buchaniae,
838 1247 1092 1295 Archibaldo
1122 1248 1275 1290 comite
1295 1248 1347 1290 de
1366 1248 1565 1303 Douglas‚
1586 1261 1682 1289 cum

192 1318 268 1346 suo
288 1305 376 1346 fflio
397 1306 426 1347 J
429 1305 567 1355 acobo,
588 1319 636 1347 ac
656 1305 831 1346 diversis
861 1305 955 1346 aliis
980 1305 1162 1346 dominis
1183 1310 1226 1347 et
1245 1305 1477 1347 domicellis
1497 1306 1543 1347 in
1571 1305 1682 1347 bello

191 1363 360 1413 relictis,
380 1362 604 1405 defunctus
625 1367 688 1405 est
712 1363 851 1405 dictus
872 1363 1079 1405 Robertus
1098 1362 1293 1404 Albaniae
1312 1363 1400 1404 dux
1421 1367 1463 1404 et
1492 1363 1683 1418 sepultus

191 1421 236 1461 in
268 1420 581 1475 Dunfermlyn.⁶
638 1421 705 1472 Et,
735 1426 785 1462 ut
818 1421 1027 1472 asseritur,
1055 1434 1130 1476 pro
1163 1424 1350 1476 tempore
1381 1434 1458 1462 suo
1488 1421 1684 1463 fertilitas

192 1492 345 1533 magna
383 1479 430 1520 in
467 1492 594 1532 regno
632 1479 809 1533 vigebat.
882 1478 975 1529 Quo
1016 1479 1148 1520 eciam
1187 1479 1397 1529 defuncto,
1436 1479 1601 1533 praelati
1641 1483 1684 1520 et

193 1549 383 1590 proceres
411 1537 540 1590 regni,
560 1536 734 1578 consih'o
763 1536 918 1586 habito,
938 1550 1078 1591 regem
1106 1550 1232 1578 suum
1261 1538 1290 1579 J
1292 1537 1469 1578 acobum
1498 1537 1684 1591 primum

194 1594 321 1647 hujus
341 1594 535 1643 nominis,
551 1594 662 1635 datis
682 1593 898 1635 obsidibus
917 1607 992 1648 pro
1012 1598 1183 1635 centum
1201 1594 1390 1636 millibus
1410 1594 1684 1643 marcharum,

194 1654 237 1692 et
257 1651 523 1692 matrimonio
544 1665 641 1692 cum
670 1655 796 1705 nepte
814 1652 922 1706 regis
942 1651 1118 1706 Anghae,
1138 1651 1226 1693 filia
1254 1652 1418 1693 comitis
1448 1652 1500 1694 de
1521 1652 1684 1693 Semer-

195 1709 299 1758 seth,
330 1723 443 1750 nunc
472 1708 592 1750 ducis
626 1709 825 1763 ejusdem,
858 1713 1082 1759 contracto,
1112 1709 1164 1751 de
1193 1709 1388 1751 manibus
1417 1709 1684 1751 inimicorum

196 1766 488 1816 liberaverunt,
509 1770 551 1808 et
579 1767 626 1808 in
654 1780 781 1821 regno
809 1767 1092 1819 reduxerunt;
1120 1770 1174 1817 et,
1201 1767 1459 1822 congregatis
1489 1767 1684 1808 omnibus

195 1825 487 1866 universaliter
514 1824 632 1879 regni
660 1824 887 1878 majoribus
917 1825 1030 1879 apud
1060 1825 1250 1875 Sconam,
1269 1838 1383 1866 more
1411 1824 1683 1879 praedecesso-

196 1895 290 1922 rum
311 1896 481 1923 suorum
497 1896 593 1923 cum
612 1882 743 1936 gloria
758 1886 800 1923 et
818 1882 974 1924 honore
989 1886 1302 1924 coronaverunt.
1362 1883 1441 1924 Pro
1461 1883 1684 1924 securitate

196 1939 323 1994 hujus
342 1940 606 1982 liberacionis
622 1943 665 1982 et
684 1953 859 1981 summae
877 1940 1103 1995 praemissae
1122 1939 1248 1981 multi
1267 1944 1483 1995 magnates
1502 1941 1619 1995 regni
1638 1941 1685 1982 in

197 1997 362 2039 obsides
377 1998 423 2038 in
437 1998 637 2052 Angliam
655 1998 892 2040 transmissi
910 2001 1022 2048 sunt,
1037 2011 1147 2039 anno
1163 1998 1338 2039 Domini
1357 2003 1409 2039 ΜΟ
1421 2003 1533 2040 00000
1547 1998 1682 2040 xxiiii.

198 2055 299 2109 Ipsa
337 2055 451 2097 enim
489 2056 632 2110 regina
669 2055 868 2098 Johanna
904 2056 988 2097 fuit
1026 2056 1115 2097 filia
1148 2057 1177 2098 J
1180 2055 1358 2098 ohannis
1397 2056 1449 2097 de
1488 2056 1687 2097 Beaufort

197 2113 402 2166 marquisi
431 2112 482 2154 de
516 2114 669 2155 Dorset
702 2116 746 2154 et
779 2113 944 2155 comitis
977 2113 1028 2154 de
1064 2114 1313 2164 Somerseth‚
1343 2114 1418 2168 qui
1446 2113 1529 2155 fuit
1557 2113 1688 2155 filius6

199 2170 360 2211 domini
393 2171 422 2212 J
425 2170 603 2212 ohannis
637 2171 689 2212 de
722 2171 859 2221 Fant,⁷
891 2171 970 2212 filii
1004 2171 1180 2213 Henrici
1213 2171 1332 2213 ducis
1363 2171 1615 2213 Loncastriae
1644 2175 1687 2213 et

197 2228 306 2283 regis
335 2228 500 2283 Angliae
529 2228 655 2282 hujus
685 2228 869 2270 nominis
898 2228 1066 2283 quarti.8
1122 2229 1262 2271 Mater
1290 2242 1388 2271 vero
1416 2229 1570 2284 reginae
1599 2233 1687 2271 erat

199 2286 288 2327 filia
308 2286 473 2328 comitis
490 2285 542 2328 de
561 2286 691 2336 Kent,
717 2286 857 2327 fratris
882 2286 991 2341 regis
1022 2286 1191 2328 Ricardi
1219 2287 1394 2328 secundi
1422 2287 1469 2328 in
1498 2287 1687 2329 Scociam

199 2343 378 2398 expulsi,
394 2347 437 2385 et
451 2357 606 2385 nomen
621 2344 711 2398 ejus
732 2342 836 2385 erat⁹
851 2343 1029 2385 Thomas
1050 2343 1102 2385 de
1119 2344 1342 2387 Holandia.
1401 2345 1482 2386 Pro
1497 2344 1629 2387 vero¹⁰
1643 2349 1687 2387 et

198 2401 407 2443 dotaliciis
446 2401 569 2442 dictae
606 2401 759 2456 reginae
801 2401 1023 2443 remissum
1062 2406 1127 2443 est
1163 2402 1251 2456 regi
1289 2402 1516 2444 dimidium
1563 2402 1687 2444 dictae

200 2472 386 2500 summae.
465 2459 662 2501 Coronati
699 2472 796 2500 vero
840 2462 958 2501 erant
997 2459 1119 2501 ambo
1157 2473 1232 2514 per
1270 2460 1512 2515 episcopum
1542 2460 1687 2503 Sancti

200 2516 393 2567 Andreae,
412 2516 610 2558 vicesimo
629 2516 764 2571 primo
784 2516 852 2558 die
873 2516 992 2567 Maii,
1007 2530 1117 2559 anno
1137 2522 1189 2558 Μ0
1201 2523 1313 2560 0000ο
1325 2518 1510 2560 xxiiii⁰.¹1
1567 2518 1686 2560 Mur-

262 2639 274 2660 1
294 2639 380 2672 Ticle
396 2639 493 2672 taken
499 2640 598 2682 from
619 2639 719 2673 Table
734 2639 776 2681 of
787 2641 939 2673 Oonoents
954 2644 991 2673 at
1007 2641 1058 2674 the
1074 2642 1138 2674 end
1148 2642 1190 2682 of
1201 2643 1251 2674 the
1267 2642 1343 2676 MS.
1396 2671 1406 2680 .

260 2685 274 2706 ²
292 2687 328 2720 O.
348 2687 386 2719 E.
404 2690 448 2719 et.
728 2685 742 2707 3
759 2687 796 2720 O.
815 2687 854 2720 E.
873 2687 1035 2722 universi.
1206 2688 1220 2709 4
1237 2689 1274 2724 B.
1293 2690 1329 2723 C.
1348 2690 1390 2723 D.
1408 2690 1447 2722 E.
1466 2689 1619 2732 ingressi.

261 2732 276 2754 ⁵
293 2734 330 2767 O.
350 2734 389 2766 E.
407 2735 488 2766 omit
504 2736 539 2766 et
556 2733 712 2777 sepultus
727 2734 764 2766 in
781 2734 1020 2777 Dunfermlyn.
1208 2734 1223 2756 ⁶
1238 2737 1275 2770 C.
1293 2736 1373 2769 filia.

261 2779 276 2801 7
293 2781 330 2813 Β.
350 2780 386 2813 O.
405 2781 448 2814 D.
466 2781 505 2814 E.
521 2781 624 2813 Gant.

259 2825 273 2847 ⁸
289 2827 325 2861 O.
356 2827 393 2860 Ε.
425 2828 496 2860 add
521 2827 670 2860 Nomina
698 2838 778 2860 vero
810 2827 1037 2869 dominorum,
1070 2829 1131 2872 qui
1164 2829 1201 2862 in
1232 2830 1417 2863 securitate
1448 2839 1511 2872 pro
1543 2830 1684 2861 centum

201 2873 353 2906 millibus
368 2885 560 2907 marcarum
577 2875 652 2907 dati
667 2874 803 2907 obsides
820 2874 973 2919 fuerunt,
991 2880 1089 2909 erant
1109 2877 1160 2917 (E.
1179 2879 1294 2917 erunt)
1312 2877 1368 2909 hic
1384 2877 1514 2908 inserta
1530 2878 1658 2917 postea.

263 2919 278 2939 ⁹
295 2921 332 2953 B.
351 2921 388 2954 O.
407 2921 448 2955 D.
468 2922 507 2954 E.
525 2922 604 2955 fuit.
1196 2922 1222 2944 ¹⁰
1239 2924 1274 2956 C.
1295 2924 1332 2955 E.
1353 2924 1419 2955 Pro
1442 2922 1575 2965 nupeiis
1592 2932 1682 2954 vero.

250 2965 275 2986 ¹¹
293 2967 329 2999 O.
349 2967 386 3000 E.
406 2968 477 3000 add
493 2970 534 3001 ut
550 2968 788 3011 supradictum
804 2970 867 3001 est.

902 3019 974 3055 2A

1706 2013 1775 2037 AJ).
1792 2005 1878 2036 1424.

1709 2530 1775 2554 ΑΛ).
1794 2522 1880 2552 1424.
