<?xml version="1.0" encoding="UTF-8"?>
<!DOCTYPE html PUBLIC "-//W3C//DTD XHTML 1.0 Transitional//EN"
    "http://www.w3.org/TR/xhtml1/DTD/xhtml1-transitional.dtd">
<html xmlns="http://www.w3.org/1999/xhtml" xml:lang="en" lang="en">
 <head>
  <title>
</title>
<meta http-equiv="Content-Type" content="text/html;charset=utf-8" />
  <meta name='ocr-system' content='tesseract 3.04.00' />
  <meta name='ocr-capabilities' content='ocr_page ocr_carea ocr_par ocr_line ocrx_word'/>
</head>
<body>
  <div class='ocr_page' id='page_1' title='image "./liberpluscardens07plusuoft/liberpluscardens07plusuoft_0331.png"; bbox 0 0 2008 3360; ppageno 0'>
   <div class='ocr_carea' id='block_1_1' title="bbox 801 339 1715 379">
    <p class='ocr_par' dir='ltr' id='par_1_1' title="bbox 801 339 1715 379">
     <span class='ocr_line' id='line_1_1' title="bbox 801 339 1715 379; baseline 0.001 -3"><span class='ocrx_word' id='word_1_1' title='bbox 801 345 928 376; x_wconf 77' lang='lat' dir='ltr'>LIBER</span> <span class='ocrx_word' id='word_1_2' title='bbox 947 345 1104 377; x_wconf 80' lang='lat' dir='ltr'><strong>NONUS.</strong></span> <span class='ocrx_word' id='word_1_3' title='bbox 1635 341 1655 377; x_wconf 83' lang='lat'>2</span> <span class='ocrx_word' id='word_1_4' title='bbox 1664 339 1684 379; x_wconf 83' lang='lat'><strong>7</strong></span> <span class='ocrx_word' id='word_1_5' title='bbox 1694 339 1715 377; x_wconf 86' lang='lat'>9</span> 
     </span>
    </p>
   </div>
   <div class='ocr_carea' id='block_1_2' title="bbox 184 450 1715 2657">
    <p class='ocr_par' dir='ltr' id='par_1_2' title="bbox 184 450 1715 2657">
     <span class='ocr_line' id='line_1_2' title="bbox 198 450 1715 508; baseline 0.003 -17"><span class='ocrx_word' id='word_1_6' title='bbox 198 450 274 504; x_wconf 93' lang='lat' dir='ltr'>qui</span> <span class='ocrx_word' id='word_1_7' title='bbox 296 450 455 494; x_wconf 86' lang='lat' dir='ltr'>dicitur</span> <span class='ocrx_word' id='word_1_8' title='bbox 487 453 608 495; x_wconf 79' lang='lat' dir='ltr'>Mair</span> <span class='ocrx_word' id='word_1_9' title='bbox 648 450 814 493; x_wconf 72' lang='lat' dir='ltr'>Windel</span> <span class='ocrx_word' id='word_1_10' title='bbox 843 451 890 492; x_wconf 91' lang='lat' dir='ltr'>in</span> <span class='ocrx_word' id='word_1_11' title='bbox 919 451 1066 506; x_wconf 85' lang='lat' dir='ltr'>fugam</span> <span class='ocrx_word' id='word_1_12' title='bbox 1100 452 1332 494; x_wconf 89' lang='lat' dir='ltr'>convertit:</span> <span class='ocrx_word' id='word_1_13' title='bbox 1378 453 1454 506; x_wconf 85' lang='lat' dir='ltr'>qui</span> <span class='ocrx_word' id='word_1_14' title='bbox 1493 466 1629 508; x_wconf 89' lang='lat' dir='ltr'>usque</span> <span class='ocrx_word' id='word_1_15' title='bbox 1659 454 1715 495; x_wconf 86' lang='lat' dir='ltr'>ad</span> 
     </span>
     <span class='ocr_line' id='line_1_3' title="bbox 198 509 1714 567; baseline 0.003 -19"><span class='ocrx_word' id='word_1_16' title='bbox 198 513 389 552; x_wconf 91' lang='lat' dir='ltr'>montem</span> <span class='ocrx_word' id='word_1_17' title='bbox 429 511 569 553; x_wconf 84' lang='lat' dir='ltr'>Castri</span> <span class='ocrx_word' id='word_1_18' title='bbox 608 509 866 560; x_wconf 85' lang='lat' dir='ltr'>Puellarum,</span> <span class='ocrx_word' id='word_1_19' title='bbox 904 509 1020 564; x_wconf 90' lang='lat' dir='ltr'>quod</span> <span class='ocrx_word' id='word_1_20' title='bbox 1052 512 1157 551; x_wconf 90' lang='lat' dir='ltr'>tunc</span> <span class='ocrx_word' id='word_1_21' title='bbox 1191 510 1413 565; x_wconf 89' lang='lat' dir='ltr'>diruptum</span> <span class='ocrx_word' id='word_1_22' title='bbox 1441 510 1536 562; x_wconf 88' lang='lat' dir='ltr'>fuit,</span> <span class='ocrx_word' id='word_1_23' title='bbox 1566 512 1714 567; x_wconf 88' lang='lat' dir='ltr'>fugati,</span> 
     </span>
     <span class='ocr_line' id='line_1_4' title="bbox 198 567 1714 622; baseline 0.003 -15"><span class='ocrx_word' id='word_1_24' title='bbox 198 567 360 622; x_wconf 85' lang='lat' dir='ltr'>seipsos</span> <span class='ocrx_word' id='word_1_25' title='bbox 379 569 426 610; x_wconf 92' lang='lat' dir='ltr'>in</span> <span class='ocrx_word' id='word_1_26' title='bbox 447 569 561 611; x_wconf 88' lang='lat' dir='ltr'>dicto</span> <span class='ocrx_word' id='word_1_27' title='bbox 580 572 726 611; x_wconf 90' lang='lat' dir='ltr'>monte</span> <span class='ocrx_word' id='word_1_28' title='bbox 745 567 890 610; x_wconf 88' lang='lat' dir='ltr'>taliter</span> <span class='ocrx_word' id='word_1_29' title='bbox 908 567 1092 622; x_wconf 75' lang='lat' dir='ltr'><strong>qualiter</strong></span> <span class='ocrx_word' id='word_1_30' title='bbox 1110 582 1156 610; x_wconf 93' lang='lat' dir='ltr'>se</span> <span class='ocrx_word' id='word_1_31' title='bbox 1174 568 1392 610; x_wconf 88' lang='lat' dir='ltr'>firmantes</span> <span class='ocrx_word' id='word_1_32' title='bbox 1411 574 1714 621; x_wconf 82' lang='lat' dir='ltr'>muraverunt3</span> 
     </span>
     <span class='ocr_line' id='line_1_5' title="bbox 197 625 1712 682; baseline 0.003 -17"><span class='ocrx_word' id='word_1_33' title='bbox 197 637 258 675; x_wconf 87' lang='lat' dir='ltr'>ac,</span> <span class='ocrx_word' id='word_1_34' title='bbox 298 630 348 668; x_wconf 90' lang='lat' dir='ltr'>ut</span> <span class='ocrx_word' id='word_1_35' title='bbox 387 627 562 682; x_wconf 89' lang='lat' dir='ltr'>quidam</span> <span class='ocrx_word' id='word_1_36' title='bbox 596 630 803 676; x_wconf 89' lang='lat' dir='ltr'>asserunt,</span> <span class='ocrx_word' id='word_1_37' title='bbox 838 625 891 668; x_wconf 91' lang='lat' dir='ltr'>de</span> <span class='ocrx_word' id='word_1_38' title='bbox 930 625 1206 669; x_wconf 87' lang='lat' dir='ltr'>cadaveribus</span> <span class='ocrx_word' id='word_1_39' title='bbox 1237 640 1443 682; x_wconf 89' lang='lat' dir='ltr'>equorum</span> <span class='ocrx_word' id='word_1_40' title='bbox 1477 628 1712 670; x_wconf 87' lang='lat' dir='ltr'>occisorum</span> 
     </span>
     <span class='ocr_line' id='line_1_6' title="bbox 198 683 1711 742; baseline 0.003 -18"><span class='ocrx_word' id='word_1_41' title='bbox 198 696 369 726; x_wconf 91' lang='lat' dir='ltr'>murum</span> <span class='ocrx_word' id='word_1_42' title='bbox 389 686 644 728; x_wconf 91' lang='lat' dir='ltr'>anteriorem</span> <span class='ocrx_word' id='word_1_43' title='bbox 663 683 881 726; x_wconf 80' lang='lat' dir='ltr'>fortalicii²</span> <span class='ocrx_word' id='word_1_44' title='bbox 900 683 984 725; x_wconf 91' lang='lat' dir='ltr'>sibi</span> <span class='ocrx_word' id='word_1_45' title='bbox 998 684 1202 727; x_wconf 87' lang='lat' dir='ltr'>fecerunt.</span> <span class='ocrx_word' id='word_1_46' title='bbox 1261 685 1319 726; x_wconf 92' lang='lat' dir='ltr'>Et</span> <span class='ocrx_word' id='word_1_47' title='bbox 1339 684 1400 727; x_wconf 88' lang='lat' dir='ltr'>sic</span> <span class='ocrx_word' id='word_1_48' title='bbox 1420 685 1543 736; x_wconf 89' lang='lat' dir='ltr'>fame,</span> <span class='ocrx_word' id='word_1_49' title='bbox 1558 686 1711 742; x_wconf 84' lang='lat' dir='ltr'><strong>frigore</strong></span> 
     </span>
     <span class='ocr_line' id='line_1_7' title="bbox 197 741 1710 798; baseline 0.003 -16"><span class='ocrx_word' id='word_1_50' title='bbox 197 745 241 782; x_wconf 92' lang='lat' dir='ltr'>et</span> <span class='ocrx_word' id='word_1_51' title='bbox 278 741 451 798; x_wconf 85' lang='lat' dir='ltr'>langore</span> <span class='ocrx_word' id='word_1_52' title='bbox 491 743 712 798; x_wconf 82' lang='lat' dir='ltr'>perteriti‚3</span> <span class='ocrx_word' id='word_1_53' title='bbox 746 756 791 785; x_wconf 89' lang='lat' dir='ltr'>se</span> <span class='ocrx_word' id='word_1_54' title='bbox 830 743 947 784; x_wconf 92' lang='lat' dir='ltr'>dicto</span> <span class='ocrx_word' id='word_1_55' title='bbox 987 742 1168 793; x_wconf 89' lang='lat' dir='ltr'>custodi,</span> <span class='ocrx_word' id='word_1_56' title='bbox 1201 742 1294 785; x_wconf 87' lang='lat' dir='ltr'>vita</span> <span class='ocrx_word' id='word_1_57' title='bbox 1333 742 1452 785; x_wconf 87' lang='lat' dir='ltr'>salva</span> <span class='ocrx_word' id='word_1_58' title='bbox 1491 748 1535 786; x_wconf 91' lang='lat' dir='ltr'>et</span> <span class='ocrx_word' id='word_1_59' title='bbox 1573 744 1710 795; x_wconf 91' lang='lat' dir='ltr'>bonis,</span> 
     </span>
     <span class='ocr_line' id='line_1_8' title="bbox 196 798 1711 857; baseline 0.003 -18"><span class='ocrx_word' id='word_1_60' title='bbox 196 798 473 843; x_wconf 89' lang='lat' dir='ltr'>reddiderunt</span> <span class='ocrx_word' id='word_1_61' title='bbox 488 817 499 854; x_wconf 94' lang='lat'>;</span> <span class='ocrx_word' id='word_1_62' title='bbox 528 815 589 852; x_wconf 89' lang='lat' dir='ltr'>ac,</span> <span class='ocrx_word' id='word_1_63' title='bbox 608 801 904 856; x_wconf 82' lang='lat' dir='ltr'>redempcione</span> <span class='ocrx_word' id='word_1_64' title='bbox 931 801 1181 842; x_wconf 81' lang='lat' dir='ltr'>racionabili</span> <span class='ocrx_word' id='word_1_65' title='bbox 1199 800 1427 856; x_wconf 87' lang='lat' dir='ltr'>persoluta,</span> <span class='ocrx_word' id='word_1_66' title='bbox 1446 801 1501 843; x_wconf 90' lang='lat' dir='ltr'>ad</span> <span class='ocrx_word' id='word_1_67' title='bbox 1520 802 1711 857; x_wconf 89' lang='lat' dir='ltr'>proprias</span> 
     </span>
     <span class='ocr_line' id='line_1_9' title="bbox 196 858 1711 916; baseline 0.003 -18"><span class='ocrx_word' id='word_1_68' title='bbox 196 860 339 910; x_wconf 86' lang='lat' dir='ltr'>partes</span> <span class='ocrx_word' id='word_1_69' title='bbox 368 858 415 900; x_wconf 93' lang='lat' dir='ltr'>in</span> <span class='ocrx_word' id='word_1_70' title='bbox 443 859 563 902; x_wconf 87' lang='lat' dir='ltr'>brevi</span> <span class='ocrx_word' id='word_1_71' title='bbox 591 863 878 902; x_wconf 89' lang='lat' dir='ltr'>reverterunt:</span> <span class='ocrx_word' id='word_1_72' title='bbox 914 858 1175 914; x_wconf 87' lang='lat' dir='ltr'>quinymmo‚</span> <span class='ocrx_word' id='word_1_73' title='bbox 1205 859 1259 901; x_wconf 93' lang='lat' dir='ltr'>ob</span> <span class='ocrx_word' id='word_1_74' title='bbox 1288 859 1573 902; x_wconf 85' lang='lat' dir='ltr'>reverenciam</span> <span class='ocrx_word' id='word_1_75' title='bbox 1601 861 1711 916; x_wconf 87' lang='lat' dir='ltr'>regis</span> 
     </span>
     <span class='ocr_line' id='line_1_10' title="bbox 197 915 1711 972; baseline 0.003 -16"><span class='ocrx_word' id='word_1_76' title='bbox 197 915 398 967; x_wconf 86' lang='lat' dir='ltr'>Franciae,</span> <span class='ocrx_word' id='word_1_77' title='bbox 430 917 609 960; x_wconf 76' lang='lat' dir='ltr'>redditis</span> <span class='ocrx_word' id='word_1_78' title='bbox 649 917 811 960; x_wconf 90' lang='lat' dir='ltr'>eisdem</span> <span class='ocrx_word' id='word_1_79' title='bbox 850 916 1145 972; x_wconf 85' lang='lat' dir='ltr'>redempcione</span> <span class='ocrx_word' id='word_1_80' title='bbox 1184 921 1228 959; x_wconf 91' lang='lat' dir='ltr'>et</span> <span class='ocrx_word' id='word_1_81' title='bbox 1258 917 1406 972; x_wconf 89' lang='lat' dir='ltr'>spoliis</span> <span class='ocrx_word' id='word_1_82' title='bbox 1439 931 1516 972; x_wconf 89' lang='lat' dir='ltr'>per</span> <span class='ocrx_word' id='word_1_83' title='bbox 1545 918 1711 961; x_wconf 91' lang='lat' dir='ltr'>dictum</span> 
     </span>
     <span class='ocr_line' id='line_1_11' title="bbox 196 974 1711 1031; baseline 0.003 -17"><span class='ocrx_word' id='word_1_84' title='bbox 196 974 428 1026; x_wconf 77' lang='lat' dir='ltr'>custodem,</span> <span class='ocrx_word' id='word_1_85' title='bbox 457 975 580 1018; x_wconf 91' lang='lat' dir='ltr'>liberi</span> <span class='ocrx_word' id='word_1_86' title='bbox 614 976 661 1018; x_wconf 90' lang='lat' dir='ltr'>in</span> <span class='ocrx_word' id='word_1_87' title='bbox 694 975 877 1031; x_wconf 91' lang='lat' dir='ltr'>patriam</span> <span class='ocrx_word' id='word_1_88' title='bbox 911 989 1057 1016; x_wconf 87' lang='lat' dir='ltr'>eorum</span> <span class='ocrx_word' id='word_1_89' title='bbox 1085 979 1349 1018; x_wconf 88' lang='lat' dir='ltr'>recesserunt</span> <span class='ocrx_word' id='word_1_90' title='bbox 1361 991 1373 1028; x_wconf 82' lang='lat'><em>3</em></span> <span class='ocrx_word' id='word_1_91' title='bbox 1421 989 1481 1026; x_wconf 89' lang='lat' dir='ltr'>ac,</span> <span class='ocrx_word' id='word_1_92' title='bbox 1522 976 1711 1019; x_wconf 81' lang='lat' dir='ltr'>dimissis</span> 
     </span>
     <span class='ocr_line' id='line_1_12' title="bbox 198 1032 1710 1090; baseline 0.003 -18"><span class='ocrx_word' id='word_1_93' title='bbox 198 1032 391 1084; x_wconf 90' lang='lat' dir='ltr'>navibus,</span> <span class='ocrx_word' id='word_1_94' title='bbox 431 1034 618 1076; x_wconf 92' lang='lat' dir='ltr'>eundem</span> <span class='ocrx_word' id='word_1_95' title='bbox 661 1034 863 1076; x_wconf 88' lang='lat' dir='ltr'>comitem</span> <span class='ocrx_word' id='word_1_96' title='bbox 901 1033 955 1075; x_wconf 92' lang='lat' dir='ltr'>de</span> <span class='ocrx_word' id='word_1_97' title='bbox 985 1032 1234 1075; x_wconf 80' lang='lat' dir='ltr'>Gillirland4</span> <span class='ocrx_word' id='word_1_98' title='bbox 1264 1048 1339 1089; x_wconf 94' lang='lat' dir='ltr'>per</span> <span class='ocrx_word' id='word_1_99' title='bbox 1372 1038 1529 1076; x_wconf 88' lang='lat' dir='ltr'>terram</span> <span class='ocrx_word' id='word_1_100' title='bbox 1573 1048 1710 1090; x_wconf 90' lang='lat' dir='ltr'>usque</span> 
     </span>
     <span class='ocr_line' id='line_1_13' title="bbox 194 1088 1710 1147; baseline 0.004 -18"><span class='ocrx_word' id='word_1_101' title='bbox 194 1088 342 1146; x_wconf 88' lang='lat' dir='ltr'>[infra]</span> <span class='ocrx_word' id='word_1_102' title='bbox 363 1091 647 1134; x_wconf 88' lang='lat' dir='ltr'>marchiarum</span> <span class='ocrx_word' id='word_1_103' title='bbox 662 1091 831 1146; x_wconf 86' lang='lat' dir='ltr'>Angliae</span> <span class='ocrx_word' id='word_1_104' title='bbox 844 1091 1016 1142; x_wconf 88' lang='lat' dir='ltr'>limites,</span> <span class='ocrx_word' id='word_1_105' title='bbox 1029 1105 1127 1133; x_wconf 92' lang='lat' dir='ltr'>cum</span> <span class='ocrx_word' id='word_1_106' title='bbox 1143 1091 1299 1147; x_wconf 87' lang='lat' dir='ltr'>quibus</span> <span class='ocrx_word' id='word_1_107' title='bbox 1315 1092 1403 1134; x_wconf 87' lang='lat' dir='ltr'>suis</span> <span class='ocrx_word' id='word_1_108' title='bbox 1418 1092 1647 1144; x_wconf 90' lang='lat' dir='ltr'>nobilibus,</span> <span class='ocrx_word' id='word_1_109' title='bbox 1662 1093 1710 1135; x_wconf 92' lang='lat' dir='ltr'>in</span> 
     </span>
     <span class='ocr_line' id='line_1_14' title="bbox 195 1149 1710 1205; baseline 0.003 -17"><span class='ocrx_word' id='word_1_110' title='bbox 195 1149 362 1202; x_wconf 91' lang='lat' dir='ltr'>propria</span> <span class='ocrx_word' id='word_1_111' title='bbox 373 1162 553 1204; x_wconf 88' lang='lat' dir='ltr'>persona</span> <span class='ocrx_word' id='word_1_112' title='bbox 565 1150 781 1192; x_wconf 87' lang='lat' dir='ltr'>conduxit.</span> <span class='ocrx_word' id='word_1_113' title='bbox 826 1149 915 1192; x_wconf 88' lang='lat' dir='ltr'>Ubi</span> <span class='ocrx_word' id='word_1_114' title='bbox 927 1149 1148 1204; x_wconf 87' lang='lat' dir='ltr'>inopinato</span> <span class='ocrx_word' id='word_1_115' title='bbox 1163 1159 1290 1192; x_wconf 87' lang='lat' dir='ltr'>cursu</span> <span class='ocrx_word' id='word_1_116' title='bbox 1305 1150 1520 1205; x_wconf 81' lang='lat' dir='ltr'>quendam</span> <span class='ocrx_word' id='word_1_117' title='bbox 1532 1151 1710 1193; x_wconf 91' lang='lat' dir='ltr'>Petrum</span> 
     </span>
     <span class='ocr_line' id='line_1_15' title="bbox 193 1205 1708 1263; baseline 0.003 -17"><span class='ocrx_word' id='word_1_118' title='bbox 193 1205 245 1247; x_wconf 92' lang='lat' dir='ltr'>de</span> <span class='ocrx_word' id='word_1_119' title='bbox 266 1206 429 1262; x_wconf 87' lang='lat' dir='ltr'>Persy,⁵</span> <span class='ocrx_word' id='word_1_120' title='bbox 444 1221 543 1250; x_wconf 91' lang='lat' dir='ltr'>cum</span> <span class='ocrx_word' id='word_1_121' title='bbox 563 1212 726 1250; x_wconf 90' lang='lat' dir='ltr'>armata</span> <span class='ocrx_word' id='word_1_122' title='bbox 745 1207 890 1249; x_wconf 88' lang='lat' dir='ltr'>valida</span> <span class='ocrx_word' id='word_1_123' title='bbox 909 1207 1132 1263; x_wconf 80' lang='lat' dir='ltr'>quasdem⁶</span> <span class='ocrx_word' id='word_1_124' title='bbox 1149 1207 1313 1263; x_wconf 75' lang='lat' dir='ltr'>praedas</span> <span class='ocrx_word' id='word_1_125' title='bbox 1333 1208 1387 1250; x_wconf 94' lang='lat' dir='ltr'>de</span> <span class='ocrx_word' id='word_1_126' title='bbox 1406 1208 1527 1251; x_wconf 89' lang='lat' dir='ltr'>terris</span> <span class='ocrx_word' id='word_1_127' title='bbox 1550 1209 1708 1252; x_wconf 85' lang='lat' dir='ltr'>Scociae</span> 
     </span>
     <span class='ocr_line' id='line_1_16' title="bbox 192 1263 1710 1322; baseline 0.004 -18"><span class='ocrx_word' id='word_1_128' title='bbox 192 1263 414 1318; x_wconf 91' lang='lat' dir='ltr'>spoliando</span> <span class='ocrx_word' id='word_1_129' title='bbox 453 1269 497 1308; x_wconf 88' lang='lat' dir='ltr'>et</span> <span class='ocrx_word' id='word_1_130' title='bbox 535 1266 796 1318; x_wconf 88' lang='lat' dir='ltr'>abducendo,</span> <span class='ocrx_word' id='word_1_131' title='bbox 829 1265 876 1307; x_wconf 93' lang='lat' dir='ltr'>in</span> <span class='ocrx_word' id='word_1_132' title='bbox 906 1264 1059 1308; x_wconf 90' lang='lat' dir='ltr'>itinere</span> <span class='ocrx_word' id='word_1_133' title='bbox 1092 1265 1308 1319; x_wconf 91' lang='lat' dir='ltr'>redeundo</span> <span class='ocrx_word' id='word_1_134' title='bbox 1337 1267 1625 1322; x_wconf 82' lang='lat' dir='ltr'>expugnavit3</span> <span class='ocrx_word' id='word_1_135' title='bbox 1653 1272 1710 1318; x_wconf 90' lang='lat' dir='ltr'>et,</span> 
     </span>
     <span class='ocr_line' id='line_1_17' title="bbox 191 1321 1709 1380; baseline 0.003 -17"><span class='ocrx_word' id='word_1_136' title='bbox 191 1321 294 1376; x_wconf 90' lang='lat' dir='ltr'>quia</span> <span class='ocrx_word' id='word_1_137' title='bbox 326 1322 509 1366; x_wconf 90' lang='lat' dir='ltr'>inermes</span> <span class='ocrx_word' id='word_1_138' title='bbox 544 1328 675 1375; x_wconf 90' lang='lat' dir='ltr'>erant,</span> <span class='ocrx_word' id='word_1_139' title='bbox 716 1324 769 1366; x_wconf 88' lang='lat' dir='ltr'>ab</span> <span class='ocrx_word' id='word_1_140' title='bbox 798 1324 973 1366; x_wconf 87' lang='lat' dir='ltr'>armatis</span> <span class='ocrx_word' id='word_1_141' title='bbox 1012 1323 1208 1379; x_wconf 88' lang='lat' dir='ltr'>Anglicis</span> <span class='ocrx_word' id='word_1_142' title='bbox 1247 1324 1537 1380; x_wconf 71' lang='lat' dir='ltr'>praedantibus</span> <span class='ocrx_word' id='word_1_143' title='bbox 1567 1325 1709 1368; x_wconf 90' lang='lat' dir='ltr'>dictus</span> 
     </span>
     <span class='ocr_line' id='line_1_18' title="bbox 191 1381 1709 1438; baseline 0.003 -17"><span class='ocrx_word' id='word_1_144' title='bbox 191 1384 334 1423; x_wconf 85' lang='lat' dir='ltr'>custos</span> <span class='ocrx_word' id='word_1_145' title='bbox 354 1382 531 1437; x_wconf 88' lang='lat' dir='ltr'>capitur,</span> <span class='ocrx_word' id='word_1_146' title='bbox 551 1386 595 1425; x_wconf 92' lang='lat' dir='ltr'>et</span> <span class='ocrx_word' id='word_1_147' title='bbox 614 1383 661 1424; x_wconf 93' lang='lat' dir='ltr'>in</span> <span class='ocrx_word' id='word_1_148' title='bbox 680 1381 884 1438; x_wconf 85' lang='lat' dir='ltr'>Angliam</span> <span class='ocrx_word' id='word_1_149' title='bbox 903 1382 958 1424; x_wconf 90' lang='lat' dir='ltr'>ad</span> <span class='ocrx_word' id='word_1_150' title='bbox 979 1395 1121 1438; x_wconf 89' lang='lat' dir='ltr'>regem</span> <span class='ocrx_word' id='word_1_151' title='bbox 1141 1382 1314 1425; x_wconf 89' lang='lat' dir='ltr'>ducitur</span> <span class='ocrx_word' id='word_1_152' title='bbox 1330 1398 1340 1435; x_wconf 93' lang='lat'>;</span> <span class='ocrx_word' id='word_1_153' title='bbox 1383 1396 1432 1425; x_wconf 88' lang='lat' dir='ltr'>ac</span> <span class='ocrx_word' id='word_1_154' title='bbox 1461 1382 1709 1426; x_wconf 88' lang='lat' dir='ltr'>Willelmus</span> 
     </span>
     <span class='ocr_line' id='line_1_19' title="bbox 192 1437 1707 1496; baseline 0.003 -17"><span class='ocrx_word' id='word_1_155' title='bbox 192 1437 245 1480; x_wconf 88' lang='lat' dir='ltr'>de</span> <span class='ocrx_word' id='word_1_156' title='bbox 264 1438 456 1496; x_wconf 89' lang='lat' dir='ltr'>Douglas</span> <span class='ocrx_word' id='word_1_157' title='bbox 476 1443 519 1483; x_wconf 91' lang='lat' dir='ltr'>et</span> <span class='ocrx_word' id='word_1_158' title='bbox 537 1441 668 1483; x_wconf 86' lang='lat' dir='ltr'>frater</span> <span class='ocrx_word' id='word_1_159' title='bbox 687 1438 809 1496; x_wconf 90' lang='lat' dir='ltr'>ejus‚⁷</span> <span class='ocrx_word' id='word_1_160' title='bbox 828 1441 859 1484; x_wconf 89' lang='lat' dir='ltr'>J</span> <span class='ocrx_word' id='word_1_161' title='bbox 860 1441 1016 1483; x_wconf 91' lang='lat' dir='ltr'>acobus</span> <span class='ocrx_word' id='word_1_162' title='bbox 1046 1440 1231 1492; x_wconf 89' lang='lat' dir='ltr'>nomine,</span> <span class='ocrx_word' id='word_1_163' title='bbox 1251 1441 1299 1482; x_wconf 91' lang='lat' dir='ltr'>in</span> <span class='ocrx_word' id='word_1_164' title='bbox 1318 1441 1411 1483; x_wconf 90' lang='lat' dir='ltr'>loco</span> <span class='ocrx_word' id='word_1_165' title='bbox 1441 1440 1707 1484; x_wconf 88' lang='lat' dir='ltr'>interficitur.</span> 
     </span>
     <span class='ocr_line' id='line_1_20' title="bbox 191 1496 1708 1554; baseline 0.002 -16"><span class='ocrx_word' id='word_1_166' title='bbox 191 1496 295 1538; x_wconf 90' lang='lat' dir='ltr'>Post</span> <span class='ocrx_word' id='word_1_167' title='bbox 314 1496 396 1540; x_wconf 87' lang='lat' dir='ltr'>hoc</span> <span class='ocrx_word' id='word_1_168' title='bbox 417 1512 529 1549; x_wconf 89' lang='lat' dir='ltr'>vero,</span> <span class='ocrx_word' id='word_1_169' title='bbox 548 1498 696 1541; x_wconf 85' lang='lat' dir='ltr'>audita</span> <span class='ocrx_word' id='word_1_170' title='bbox 717 1498 917 1554; x_wconf 88' lang='lat' dir='ltr'>capcione</span> <span class='ocrx_word' id='word_1_171' title='bbox 937 1498 1043 1541; x_wconf 91' lang='lat' dir='ltr'>dicti</span> <span class='ocrx_word' id='word_1_172' title='bbox 1064 1499 1254 1541; x_wconf 89' lang='lat' dir='ltr'>custodis</span> <span class='ocrx_word' id='word_1_173' title='bbox 1274 1499 1328 1541; x_wconf 93' lang='lat' dir='ltr'>de</span> <span class='ocrx_word' id='word_1_174' title='bbox 1340 1499 1547 1550; x_wconf 89' lang='lat' dir='ltr'>Moravia,</span> <span class='ocrx_word' id='word_1_175' title='bbox 1567 1513 1708 1542; x_wconf 90' lang='lat' dir='ltr'>comes</span> 
     </span>
     <span class='ocr_line' id='line_1_21' title="bbox 191 1554 1709 1613; baseline 0.003 -18"><span class='ocrx_word' id='word_1_176' title='bbox 191 1554 380 1597; x_wconf 86' lang='lat' dir='ltr'>Atholiae</span> <span class='ocrx_word' id='word_1_177' title='bbox 400 1557 614 1599; x_wconf 87' lang='lat' dir='ltr'>exultavit</span> <span class='ocrx_word' id='word_1_178' title='bbox 641 1557 796 1613; x_wconf 88' lang='lat' dir='ltr'>gaudio</span> <span class='ocrx_word' id='word_1_179' title='bbox 825 1571 981 1612; x_wconf 87' lang='lat' dir='ltr'>magno</span> <span class='ocrx_word' id='word_1_180' title='bbox 1014 1556 1164 1599; x_wconf 88' lang='lat' dir='ltr'>valde:</span> <span class='ocrx_word' id='word_1_181' title='bbox 1207 1556 1311 1613; x_wconf 90' lang='lat' dir='ltr'>quia</span> <span class='ocrx_word' id='word_1_182' title='bbox 1339 1557 1483 1613; x_wconf 91' lang='lat' dir='ltr'>ipsum</span> <span class='ocrx_word' id='word_1_183' title='bbox 1513 1557 1709 1600; x_wconf 90' lang='lat' dir='ltr'>odiosum</span> 
     </span>
     <span class='ocr_line' id='line_1_22' title="bbox 189 1611 1709 1671; baseline 0.004 -19"><span class='ocrx_word' id='word_1_184' title='bbox 189 1611 354 1664; x_wconf 89' lang='lat' dir='ltr'>habuit,</span> <span class='ocrx_word' id='word_1_185' title='bbox 374 1618 418 1656; x_wconf 90' lang='lat' dir='ltr'>et</span> <span class='ocrx_word' id='word_1_186' title='bbox 438 1614 636 1658; x_wconf 83' lang='lat' dir='ltr'>simfliter</span> <span class='ocrx_word' id='word_1_187' title='bbox 654 1615 878 1657; x_wconf 90' lang='lat' dir='ltr'>dominum</span> <span class='ocrx_word' id='word_1_188' title='bbox 896 1614 1167 1657; x_wconf 89' lang='lat' dir='ltr'>Willelmum</span> <span class='ocrx_word' id='word_1_189' title='bbox 1187 1615 1241 1657; x_wconf 92' lang='lat' dir='ltr'>de</span> <span class='ocrx_word' id='word_1_190' title='bbox 1267 1615 1470 1670; x_wconf 89' lang='lat' dir='ltr'>Douglas.</span> <span class='ocrx_word' id='word_1_191' title='bbox 1530 1616 1709 1671; x_wconf 90' lang='lat' dir='ltr'>Propter</span> 
     </span>
     <span class='ocr_line' id='line_1_23' title="bbox 191 1669 1709 1728; baseline 0.003 -17"><span class='ocrx_word' id='word_1_192' title='bbox 191 1669 307 1724; x_wconf 89' lang='lat' dir='ltr'>quod</span> <span class='ocrx_word' id='word_1_193' title='bbox 335 1671 439 1726; x_wconf 86' lang='lat' dir='ltr'>ipse,</span> <span class='ocrx_word' id='word_1_194' title='bbox 469 1673 545 1727; x_wconf 88' lang='lat' dir='ltr'>qui</span> <span class='ocrx_word' id='word_1_195' title='bbox 574 1673 621 1714; x_wconf 91' lang='lat' dir='ltr'>in</span> <span class='ocrx_word' id='word_1_196' title='bbox 649 1676 840 1728; x_wconf 89' lang='lat' dir='ltr'>tempore</span> <span class='ocrx_word' id='word_1_197' title='bbox 869 1687 954 1728; x_wconf 90' lang='lat' dir='ltr'>quo</span> <span class='ocrx_word' id='word_1_198' title='bbox 993 1676 1137 1715; x_wconf 88' lang='lat' dir='ltr'>custos</span> <span class='ocrx_word' id='word_1_199' title='bbox 1178 1673 1225 1714; x_wconf 94' lang='lat' dir='ltr'>in</span> <span class='ocrx_word' id='word_1_200' title='bbox 1267 1673 1467 1716; x_wconf 87' lang='lat' dir='ltr'>libertate</span> <span class='ocrx_word' id='word_1_201' title='bbox 1506 1674 1709 1716; x_wconf 85' lang='lat' dir='ltr'>extiterat</span> 
     </span>
     <span class='ocr_line' id='line_1_24' title="bbox 190 1729 1707 1786; baseline 0.003 -17"><span class='ocrx_word' id='word_1_202' title='bbox 190 1729 435 1783; x_wconf 86' lang='lat' dir='ltr'>nequiciam</span> <span class='ocrx_word' id='word_1_203' title='bbox 455 1744 576 1772; x_wconf 90' lang='lat' dir='ltr'>suam</span> <span class='ocrx_word' id='word_1_204' title='bbox 596 1731 768 1786; x_wconf 92' lang='lat' dir='ltr'>publice</span> <span class='ocrx_word' id='word_1_205' title='bbox 787 1731 1008 1773; x_wconf 90' lang='lat' dir='ltr'>ostendere</span> <span class='ocrx_word' id='word_1_206' title='bbox 1027 1744 1115 1772; x_wconf 94' lang='lat' dir='ltr'>non</span> <span class='ocrx_word' id='word_1_207' title='bbox 1135 1731 1330 1782; x_wconf 87' lang='lat' dir='ltr'>audebat,</span> <span class='ocrx_word' id='word_1_208' title='bbox 1346 1734 1445 1786; x_wconf 88' lang='lat' dir='ltr'>post</span> <span class='ocrx_word' id='word_1_209' title='bbox 1460 1731 1707 1786; x_wconf 87' lang='lat' dir='ltr'>capcionem</span> 
     </span>
     <span class='ocr_line' id='line_1_25' title="bbox 189 1785 1706 1845; baseline 0.003 -18"><span class='ocrx_word' id='word_1_210' title='bbox 189 1785 326 1841; x_wconf 90' lang='lat' dir='ltr'>ipsius</span> <span class='ocrx_word' id='word_1_211' title='bbox 346 1801 492 1830; x_wconf 90' lang='lat' dir='ltr'>omnes</span> <span class='ocrx_word' id='word_1_212' title='bbox 522 1788 750 1831; x_wconf 89' lang='lat' dir='ltr'>benevolos</span> <span class='ocrx_word' id='word_1_213' title='bbox 780 1789 890 1845; x_wconf 85' lang='lat' dir='ltr'>regis</span> <span class='ocrx_word' id='word_1_214' title='bbox 919 1789 1066 1831; x_wconf 88' lang='lat' dir='ltr'>David</span> <span class='ocrx_word' id='word_1_215' title='bbox 1084 1789 1409 1844; x_wconf 89' lang='lat' dir='ltr'>parvipendens,</span> <span class='ocrx_word' id='word_1_216' title='bbox 1424 1794 1551 1844; x_wconf 90' lang='lat' dir='ltr'>rupto</span> <span class='ocrx_word' id='word_1_217' title='bbox 1570 1790 1706 1832; x_wconf 91' lang='lat' dir='ltr'>fideli-</span> 
     </span>
     <span class='ocr_line' id='line_1_26' title="bbox 190 1844 1706 1902; baseline 0.003 -17"><span class='ocrx_word' id='word_1_218' title='bbox 190 1844 294 1886; x_wconf 87' lang='lat' dir='ltr'>tatis</span> <span class='ocrx_word' id='word_1_219' title='bbox 324 1848 368 1887; x_wconf 90' lang='lat' dir='ltr'>et</span> <span class='ocrx_word' id='word_1_220' title='bbox 396 1845 514 1902; x_wconf 80' lang='lat' dir='ltr'>legii8</span> <span class='ocrx_word' id='word_1_221' title='bbox 539 1847 795 1902; x_wconf 88' lang='lat' dir='ltr'>juramento,</span> <span class='ocrx_word' id='word_1_222' title='bbox 829 1846 944 1902; x_wconf 91' lang='lat' dir='ltr'>apud</span> <span class='ocrx_word' id='word_1_223' title='bbox 984 1847 1117 1889; x_wconf 90' lang='lat' dir='ltr'>Perth</span> <span class='ocrx_word' id='word_1_224' title='bbox 1155 1847 1381 1889; x_wconf 84' lang='lat' dir='ltr'>confestim</span> <span class='ocrx_word' id='word_1_225' title='bbox 1419 1847 1618 1901; x_wconf 83' lang='lat' dir='ltr'>perrexit,</span> <span class='ocrx_word' id='word_1_226' title='bbox 1662 1853 1706 1890; x_wconf 90' lang='lat' dir='ltr'>et</span> 
     </span>
     <span class='ocr_line' id='line_1_27' title="bbox 189 1902 1706 1961; baseline 0.003 -18"><span class='ocrx_word' id='word_1_227' title='bbox 189 1902 442 1946; x_wconf 88' lang='lat' dir='ltr'>fidelitatem</span> <span class='ocrx_word' id='word_1_228' title='bbox 471 1918 521 1946; x_wconf 90' lang='lat' dir='ltr'>ac</span> <span class='ocrx_word' id='word_1_229' title='bbox 550 1904 796 1961; x_wconf 84' lang='lat' dir='ltr'>homagium</span> <span class='ocrx_word' id='word_1_230' title='bbox 825 1909 916 1948; x_wconf 89' lang='lat' dir='ltr'>tam</span> <span class='ocrx_word' id='word_1_231' title='bbox 944 1905 1034 1960; x_wconf 87' lang='lat' dir='ltr'>regi</span> <span class='ocrx_word' id='word_1_232' title='bbox 1061 1905 1233 1961; x_wconf 88' lang='lat' dir='ltr'>Angliae</span> <span class='ocrx_word' id='word_1_233' title='bbox 1261 1919 1392 1961; x_wconf 91' lang='lat' dir='ltr'>quam</span> <span class='ocrx_word' id='word_1_234' title='bbox 1422 1904 1632 1947; x_wconf 88' lang='lat' dir='ltr'>Edwardo</span> <span class='ocrx_word' id='word_1_235' title='bbox 1653 1906 1706 1948; x_wconf 90' lang='lat' dir='ltr'>de</span> 
     </span>
     <span class='ocr_line' id='line_1_28' title="bbox 190 1960 1705 2019; baseline 0.003 -18"><span class='ocrx_word' id='word_1_236' title='bbox 190 1960 385 2013; x_wconf 87' lang='lat' dir='ltr'>Balliolo,</span> <span class='ocrx_word' id='word_1_237' title='bbox 439 1963 593 2018; x_wconf 88' lang='lat' dir='ltr'>spretis</span> <span class='ocrx_word' id='word_1_238' title='bbox 649 1963 846 2006; x_wconf 90' lang='lat' dir='ltr'>omnibus</span> <span class='ocrx_word' id='word_1_239' title='bbox 904 1963 1115 2019; x_wconf 88' lang='lat' dir='ltr'>prioribus</span> <span class='ocrx_word' id='word_1_240' title='bbox 1170 1963 1472 2014; x_wconf 89' lang='lat' dir='ltr'>contractibus,</span> <span class='ocrx_word' id='word_1_241' title='bbox 1519 1963 1705 2018; x_wconf 91' lang='lat' dir='ltr'>perjurio</span> 
     </span>
     <span class='ocr_line' id='line_1_29' title="bbox 189 2018 1706 2078; baseline 0.003 -19"><span class='ocrx_word' id='word_1_242' title='bbox 189 2018 377 2061; x_wconf 87' lang='lat' dir='ltr'>firmavit</span> <span class='ocrx_word' id='word_1_243' title='bbox 389 2035 400 2072; x_wconf 90' lang='lat'>;</span> <span class='ocrx_word' id='word_1_244' title='bbox 434 2034 581 2063; x_wconf 92' lang='lat' dir='ltr'>omnes</span> <span class='ocrx_word' id='word_1_245' title='bbox 612 2021 764 2064; x_wconf 82' lang='lat' dir='ltr'>eciam⁹</span> <span class='ocrx_word' id='word_1_246' title='bbox 782 2024 1002 2078; x_wconf 87' lang='lat' dir='ltr'>magnates</span> <span class='ocrx_word' id='word_1_247' title='bbox 1030 2021 1150 2078; x_wconf 89' lang='lat' dir='ltr'>regni</span> <span class='ocrx_word' id='word_1_248' title='bbox 1178 2021 1290 2063; x_wconf 89' lang='lat' dir='ltr'>infra</span> <span class='ocrx_word' id='word_1_249' title='bbox 1317 2021 1446 2064; x_wconf 90' lang='lat' dir='ltr'>breve</span> <span class='ocrx_word' id='word_1_250' title='bbox 1474 2021 1530 2063; x_wconf 89' lang='lat' dir='ltr'>ad</span> <span class='ocrx_word' id='word_1_251' title='bbox 1559 2035 1706 2064; x_wconf 90' lang='lat' dir='ltr'>eorum</span> 
     </span>
     <span class='ocr_line' id='line_1_30' title="bbox 190 2076 1705 2135; baseline 0.003 -18"><span class='ocrx_word' id='word_1_252' title='bbox 190 2076 481 2121; x_wconf 84' lang='lat' dir='ltr'>obedienciam</span> <span class='ocrx_word' id='word_1_253' title='bbox 511 2084 555 2121; x_wconf 92' lang='lat' dir='ltr'>et</span> <span class='ocrx_word' id='word_1_254' title='bbox 583 2079 836 2122; x_wconf 90' lang='lat' dir='ltr'>fidelitatem</span> <span class='ocrx_word' id='word_1_255' title='bbox 866 2079 1066 2123; x_wconf 87' lang='lat' dir='ltr'>reducere</span> <span class='ocrx_word' id='word_1_256' title='bbox 1099 2078 1343 2135; x_wconf 82' lang='lat' dir='ltr'>promisit.1⁰</span> <span class='ocrx_word' id='word_1_257' title='bbox 1400 2080 1470 2122; x_wconf 77' lang='lat' dir='ltr'>Ex</span> <span class='ocrx_word' id='word_1_258' title='bbox 1508 2083 1614 2122; x_wconf 90' lang='lat' dir='ltr'>tuno</span> <span class='ocrx_word' id='word_1_259' title='bbox 1648 2093 1705 2122; x_wconf 86' lang='lat' dir='ltr'>ex</span> 
     </span>
     <span class='ocr_line' id='line_1_31' title="bbox 188 2137 1704 2189; baseline 0.002 -13"><span class='ocrx_word' id='word_1_260' title='bbox 188 2138 309 2189; x_wconf 87' lang='lat' dir='ltr'>parte</span> <span class='ocrx_word' id='word_1_261' title='bbox 339 2148 485 2178; x_wconf 85' lang='lat' dir='ltr'>eorum</span> <span class='ocrx_word' id='word_1_262' title='bbox 522 2137 662 2180; x_wconf 89' lang='lat' dir='ltr'>factus</span> <span class='ocrx_word' id='word_1_263' title='bbox 701 2142 767 2181; x_wconf 89' lang='lat' dir='ltr'>est</span> <span class='ocrx_word' id='word_1_264' title='bbox 797 2143 940 2180; x_wconf 91' lang='lat' dir='ltr'>custos</span> <span class='ocrx_word' id='word_1_265' title='bbox 971 2138 1140 2181; x_wconf 84' lang='lat' dir='ltr'>Scociae.</span> <span class='ocrx_word' id='word_1_266' title='bbox 1200 2138 1305 2180; x_wconf 90' lang='lat' dir='ltr'>Post</span> <span class='ocrx_word' id='word_1_267' title='bbox 1333 2137 1425 2179; x_wconf 82' lang='lat' dir='ltr'>haec</span> <span class='ocrx_word' id='word_1_268' title='bbox 1453 2140 1611 2188; x_wconf 89' lang='lat' dir='ltr'>autem,</span> <span class='ocrx_word' id='word_1_269' title='bbox 1639 2151 1704 2180; x_wconf 92' lang='lat' dir='ltr'>re-</span> 
     </span>
     <span class='ocr_line' id='line_1_32' title="bbox 189 2191 1705 2251; baseline 0.003 -18"><span class='ocrx_word' id='word_1_270' title='bbox 189 2191 412 2236; x_wconf 88' lang='lat' dir='ltr'>diuntibus</span> <span class='ocrx_word' id='word_1_271' title='bbox 441 2194 687 2238; x_wconf 89' lang='lat' dir='ltr'>infidelibus</span> <span class='ocrx_word' id='word_1_272' title='bbox 715 2196 826 2251; x_wconf 88' lang='lat' dir='ltr'>regis</span> <span class='ocrx_word' id='word_1_273' title='bbox 860 2195 1006 2238; x_wconf 88' lang='lat' dir='ltr'>David</span> <span class='ocrx_word' id='word_1_274' title='bbox 1044 2195 1252 2251; x_wconf 88' lang='lat' dir='ltr'>fugitivis,</span> <span class='ocrx_word' id='word_1_275' title='bbox 1291 2199 1336 2238; x_wconf 91' lang='lat' dir='ltr'>et</span> <span class='ocrx_word' id='word_1_276' title='bbox 1376 2195 1525 2238; x_wconf 85' lang='lat' dir='ltr'>castris</span> <span class='ocrx_word' id='word_1_277' title='bbox 1566 2196 1705 2251; x_wconf 87' lang='lat' dir='ltr'>ruptis</span> 
     </span>
     <span class='ocr_line' id='line_1_33' title="bbox 186 2249 1703 2309; baseline 0.004 -18"><span class='ocrx_word' id='word_1_278' title='bbox 186 2249 424 2293; x_wconf 83' lang='lat' dir='ltr'>reformatis</span> <span class='ocrx_word' id='word_1_279' title='bbox 469 2256 513 2295; x_wconf 88' lang='lat' dir='ltr'>et</span> <span class='ocrx_word' id='word_1_280' title='bbox 555 2253 805 2305; x_wconf 89' lang='lat' dir='ltr'>fortificatis,</span> <span class='ocrx_word' id='word_1_281' title='bbox 844 2258 1027 2309; x_wconf 88' lang='lat' dir='ltr'>quantas</span> <span class='ocrx_word' id='word_1_282' title='bbox 1066 2252 1302 2296; x_wconf 86' lang='lat' dir='ltr'>tirannides</span> <span class='ocrx_word' id='word_1_283' title='bbox 1346 2256 1391 2296; x_wconf 87' lang='lat' dir='ltr'>et</span> <span class='ocrx_word' id='word_1_284' title='bbox 1429 2252 1703 2297; x_wconf 83' lang='lat' dir='ltr'>crudelitates</span> 
     </span>
     <span class='ocr_line' id='line_1_34' title="bbox 187 2308 1704 2367; baseline 0.004 -18"><span class='ocrx_word' id='word_1_285' title='bbox 187 2308 470 2364; x_wconf 88' lang='lat' dir='ltr'>nequissimas</span> <span class='ocrx_word' id='word_1_286' title='bbox 499 2310 746 2353; x_wconf 89' lang='lat' dir='ltr'>infidelibus</span> <span class='ocrx_word' id='word_1_287' title='bbox 764 2312 885 2366; x_wconf 86' lang='lat' dir='ltr'>regni</span> <span class='ocrx_word' id='word_1_288' title='bbox 914 2311 1104 2354; x_wconf 84' lang='lat' dir='ltr'>exercuit</span> <span class='ocrx_word' id='word_1_289' title='bbox 1123 2311 1243 2354; x_wconf 88' lang='lat' dir='ltr'>brevi</span> <span class='ocrx_word' id='word_1_290' title='bbox 1272 2311 1372 2353; x_wconf 88' lang='lat' dir='ltr'>stilo</span> <span class='ocrx_word' id='word_1_291' title='bbox 1402 2311 1704 2367; x_wconf 79' lang='lat' dir='ltr'>comprehendi</span> 
     </span>
     <span class='ocr_line' id='line_1_35' title="bbox 187 2367 1703 2425; baseline 0.003 -18"><span class='ocrx_word' id='word_1_292' title='bbox 187 2380 275 2408; x_wconf 91' lang='lat' dir='ltr'>non</span> <span class='ocrx_word' id='word_1_293' title='bbox 322 2367 506 2422; x_wconf 89' lang='lat' dir='ltr'>poterit:</span> <span class='ocrx_word' id='word_1_294' title='bbox 563 2369 771 2424; x_wconf 91' lang='lat' dir='ltr'>quosdam</span> <span class='ocrx_word' id='word_1_295' title='bbox 809 2368 1065 2424; x_wconf 89' lang='lat' dir='ltr'>vapulando,</span> <span class='ocrx_word' id='word_1_296' title='bbox 1104 2369 1312 2425; x_wconf 89' lang='lat' dir='ltr'>quosdam</span> <span class='ocrx_word' id='word_1_297' title='bbox 1360 2368 1703 2421; x_wconf 85' lang='lat' dir='ltr'>exhereditando,</span> 
     </span>
     <span class='ocr_line' id='line_1_36' title="bbox 186 2424 1703 2484; baseline 0.003 -18"><span class='ocrx_word' id='word_1_298' title='bbox 186 2424 395 2479; x_wconf 90' lang='lat' dir='ltr'>quosdam</span> <span class='ocrx_word' id='word_1_299' title='bbox 443 2427 679 2469; x_wconf 86' lang='lat' dir='ltr'>carceribus</span> <span class='ocrx_word' id='word_1_300' title='bbox 727 2427 1026 2482; x_wconf 87' lang='lat' dir='ltr'>mancipando,</span> <span class='ocrx_word' id='word_1_301' title='bbox 1072 2427 1280 2482; x_wconf 88' lang='lat' dir='ltr'>quosdam</span> <span class='ocrx_word' id='word_1_302' title='bbox 1327 2426 1514 2470; x_wconf 88' lang='lat' dir='ltr'>finaliter</span> <span class='ocrx_word' id='word_1_303' title='bbox 1560 2427 1703 2484; x_wconf 85' lang='lat' dir='ltr'>gladio</span> 
     </span>
     <span class='ocr_line' id='line_1_37' title="bbox 186 2483 1702 2541; baseline 0.003 -17"><span class='ocrx_word' id='word_1_304' title='bbox 186 2483 509 2526; x_wconf 83' lang='lat' dir='ltr'>exterminando</span> <span class='ocrx_word' id='word_1_305' title='bbox 524 2500 535 2536; x_wconf 93' lang='grc'><strong>;</strong></span> <span class='ocrx_word' id='word_1_306' title='bbox 565 2488 619 2536; x_wconf 90' lang='lat' dir='ltr'>et,</span> <span class='ocrx_word' id='word_1_307' title='bbox 640 2485 836 2536; x_wconf 90' lang='lat' dir='ltr'>breviter,</span> <span class='ocrx_word' id='word_1_308' title='bbox 851 2499 998 2528; x_wconf 91' lang='lat' dir='ltr'>omnes</span> <span class='ocrx_word' id='word_1_309' title='bbox 1012 2486 1122 2541; x_wconf 90' lang='lat' dir='ltr'>regis</span> <span class='ocrx_word' id='word_1_310' title='bbox 1137 2485 1282 2528; x_wconf 90' lang='lat' dir='ltr'>David</span> <span class='ocrx_word' id='word_1_311' title='bbox 1296 2485 1442 2528; x_wconf 87' lang='lat' dir='ltr'>fideles</span> <span class='ocrx_word' id='word_1_312' title='bbox 1457 2490 1502 2528; x_wconf 90' lang='lat' dir='ltr'>et</span> <span class='ocrx_word' id='word_1_313' title='bbox 1515 2485 1702 2529; x_wconf 87' lang='lat' dir='ltr'>fautores</span> 
     </span>
     <span class='ocr_line' id='line_1_38' title="bbox 184 2539 1702 2599; baseline 0.003 -17"><span class='ocrx_word' id='word_1_314' title='bbox 184 2539 317 2584; x_wconf 89' lang='lat' dir='ltr'>libere</span> <span class='ocrx_word' id='word_1_315' title='bbox 337 2545 532 2584; x_wconf 85' lang='lat' dir='ltr'>tenentes</span> <span class='ocrx_word' id='word_1_316' title='bbox 562 2541 909 2586; x_wconf 82' lang='lat' dir='ltr'>exhereditatos11</span> <span class='ocrx_word' id='word_1_317' title='bbox 927 2543 1118 2586; x_wconf 87' lang='lat' dir='ltr'>totaliter</span> <span class='ocrx_word' id='word_1_318' title='bbox 1136 2543 1190 2586; x_wconf 91' lang='lat' dir='ltr'>de</span> <span class='ocrx_word' id='word_1_319' title='bbox 1208 2557 1338 2599; x_wconf 87' lang='lat' dir='ltr'>regno</span> <span class='ocrx_word' id='word_1_320' title='bbox 1358 2543 1571 2599; x_wconf 80' lang='lat' dir='ltr'>expellere</span> <span class='ocrx_word' id='word_1_321' title='bbox 1591 2544 1702 2586; x_wconf 89' lang='lat' dir='ltr'>ordi-</span> 
     </span>
     <span class='ocr_line' id='line_1_39' title="bbox 185 2599 1700 2657; baseline 0.003 -17"><span class='ocrx_word' id='word_1_322' title='bbox 185 2599 332 2641; x_wconf 87' lang='lat' dir='ltr'>navit:</span> <span class='ocrx_word' id='word_1_323' title='bbox 360 2600 509 2642; x_wconf 87' lang='lat' dir='ltr'>volens</span> <span class='ocrx_word' id='word_1_324' title='bbox 529 2601 661 2657; x_wconf 85' lang='lat' dir='ltr'>igitur</span> <span class='ocrx_word' id='word_1_325' title='bbox 678 2601 879 2656; x_wconf 91' lang='lat' dir='ltr'>primitus</span> <span class='ocrx_word' id='word_1_326' title='bbox 895 2605 1082 2644; x_wconf 90' lang='lat' dir='ltr'>castrum</span> <span class='ocrx_word' id='word_1_327' title='bbox 1097 2601 1150 2644; x_wconf 89' lang='lat' dir='ltr'>de</span> <span class='ocrx_word' id='word_1_328' title='bbox 1171 2600 1483 2657; x_wconf 78' lang='lat' dir='ltr'>Kildrummy12</span> <span class='ocrx_word' id='word_1_329' title='bbox 1498 2602 1700 2645; x_wconf 89' lang='lat' dir='ltr'>obsidere.</span> 
     </span>
    </p>
   </div>
   <div class='ocr_carea' id='block_1_3' title="bbox 251 2731 1526 2779">
    <p class='ocr_par' dir='ltr' id='par_1_3' title="bbox 251 2731 1526 2779">
     <span class='ocr_line' id='line_1_40' title="bbox 251 2731 1526 2779; baseline 0.002 -14"><span class='ocrx_word' id='word_1_330' title='bbox 251 2731 264 2753; x_wconf 89' lang='lat'>¹</span> <span class='ocrx_word' id='word_1_331' title='bbox 282 2732 319 2765; x_wconf 82' lang='lat' dir='ltr'>O.</span> <span class='ocrx_word' id='word_1_332' title='bbox 339 2732 378 2766; x_wconf 87' lang='lat' dir='ltr'>E.</span> <span class='ocrx_word' id='word_1_333' title='bbox 398 2733 500 2766; x_wconf 83' lang='lat' dir='ltr'>Mari.</span> <span class='ocrx_word' id='word_1_334' title='bbox 550 2733 593 2766; x_wconf 94' lang='lat' dir='ltr'>D.</span> <span class='ocrx_word' id='word_1_335' title='bbox 614 2734 714 2767; x_wconf 87' lang='lat' dir='ltr'>Mare</span> <span class='ocrx_word' id='word_1_336' title='bbox 731 2733 851 2777; x_wconf 88' lang='lat' dir='ltr'>Vynd,</span> <span class='ocrx_word' id='word_1_337' title='bbox 868 2734 949 2767; x_wconf 75' lang='lat' dir='ltr'>with</span> <span class='ocrx_word' id='word_1_338' title='bbox 965 2734 1070 2779; x_wconf 80' lang='lat' dir='ltr'>Mai-y</span> <span class='ocrx_word' id='word_1_339' title='bbox 1086 2734 1210 2779; x_wconf 85' lang='lat' dir='ltr'>Wynd</span> <span class='ocrx_word' id='word_1_340' title='bbox 1227 2737 1262 2768; x_wconf 77' lang='lat' dir='ltr'>i‘n</span> <span class='ocrx_word' id='word_1_341' title='bbox 1278 2736 1415 2777; x_wconf 71' lang='lat' dir='ltr'>maryin</span> <span class='ocrx_word' id='word_1_342' title='bbox 1430 2735 1526 2769; x_wconf 76' lang='lat' dir='ltr'>later.</span> 
     </span>
    </p>
   </div>
   <div class='ocr_carea' id='block_1_4' title="bbox 247 2777 1672 2966">
    <p class='ocr_par' dir='ltr' id='par_1_4' title="bbox 247 2777 1628 2825">
     <span class='ocr_line' id='line_1_41' title="bbox 247 2777 1628 2825; baseline 0.001 -13"><span class='ocrx_word' id='word_1_343' title='bbox 247 2777 262 2799; x_wconf 78' lang='lat'>2</span> <span class='ocrx_word' id='word_1_344' title='bbox 279 2779 317 2813; x_wconf 84' lang='lat' dir='ltr'>C.</span> <span class='ocrx_word' id='word_1_345' title='bbox 335 2780 518 2814; x_wconf 84' lang='lat' dir='ltr'>fortalacii.</span> <span class='ocrx_word' id='word_1_346' title='bbox 1224 2781 1240 2804; x_wconf 83' lang='lat'>3</span> <span class='ocrx_word' id='word_1_347' title='bbox 1256 2782 1416 2825; x_wconf 84' lang='lat' dir='ltr'>perteriti</span> <span class='ocrx_word' id='word_1_348' title='bbox 1431 2783 1467 2815; x_wconf 77' lang='lat' dir='ltr'>in</span> <span class='ocrx_word' id='word_1_349' title='bbox 1482 2783 1628 2824; x_wconf 73' lang='lat' dir='ltr'>marqin.</span> 
     </span>
    </p>

    <p class='ocr_par' dir='ltr' id='par_1_5' title="bbox 249 2824 1310 2864">
     <span class='ocr_line' id='line_1_42' title="bbox 249 2824 1310 2864; baseline 0.004 -5"><span class='ocrx_word' id='word_1_350' title='bbox 249 2824 265 2846; x_wconf 74' lang='lat'>⁴</span> <span class='ocrx_word' id='word_1_351' title='bbox 281 2826 318 2860; x_wconf 87' lang='lat' dir='ltr'>C.</span> <span class='ocrx_word' id='word_1_352' title='bbox 338 2827 401 2860; x_wconf 69' lang='lat' dir='ltr'>has</span> <span class='ocrx_word' id='word_1_353' title='bbox 418 2827 570 2861; x_wconf 89' lang='lat' dir='ltr'>eundem</span> <span class='ocrx_word' id='word_1_354' title='bbox 585 2827 720 2862; x_wconf 81' lang='lat' dir='ltr'>Gillire.</span> <span class='ocrx_word' id='word_1_355' title='bbox 770 2828 811 2861; x_wconf 89' lang='lat' dir='ltr'>E.</span> <span class='ocrx_word' id='word_1_356' title='bbox 830 2828 982 2862; x_wconf 87' lang='lat' dir='ltr'>eundem</span> <span class='ocrx_word' id='word_1_357' title='bbox 998 2828 1122 2863; x_wconf 85' lang='lat' dir='ltr'>Gillire</span> <span class='ocrx_word' id='word_1_358' title='bbox 1138 2829 1310 2864; x_wconf 84' lang='lat' dir='ltr'>comitem.</span> 
     </span>
    </p>

    <p class='ocr_par' dir='ltr' id='par_1_6' title="bbox 248 2871 1672 2966">
     <span class='ocr_line' id='line_1_43' title="bbox 248 2871 1672 2918; baseline 0.001 -12"><span class='ocrx_word' id='word_1_359' title='bbox 248 2871 264 2893; x_wconf 74' lang='lat'>5</span> <span class='ocrx_word' id='word_1_360' title='bbox 281 2873 316 2906; x_wconf 80' lang='lat' dir='ltr'>O.</span> <span class='ocrx_word' id='word_1_361' title='bbox 336 2873 374 2908; x_wconf 88' lang='grc' dir='ltr'>Ε.</span> <span class='ocrx_word' id='word_1_362' title='bbox 394 2874 534 2908; x_wconf 85' lang='lat' dir='ltr'>Peciam</span> <span class='ocrx_word' id='word_1_363' title='bbox 549 2875 594 2908; x_wconf 88' lang='lat' dir='ltr'>de</span> <span class='ocrx_word' id='word_1_364' title='bbox 611 2876 750 2918; x_wconf 77' lang='lat' dir='ltr'>Perssy.</span> <span class='ocrx_word' id='word_1_365' title='bbox 1224 2875 1239 2898; x_wconf 78' lang='lat'><strong>⁶</strong></span> <span class='ocrx_word' id='word_1_366' title='bbox 1258 2877 1294 2910; x_wconf 89' lang='grc' dir='ltr'>Β.</span> <span class='ocrx_word' id='word_1_367' title='bbox 1313 2876 1350 2910; x_wconf 83' lang='grc' dir='ltr'>Ο.</span> <span class='ocrx_word' id='word_1_368' title='bbox 1371 2877 1413 2909; x_wconf 93' lang='lat' dir='ltr'>D.</span> <span class='ocrx_word' id='word_1_369' title='bbox 1432 2876 1473 2909; x_wconf 90' lang='grc' dir='ltr'>Ε.</span> <span class='ocrx_word' id='word_1_370' title='bbox 1491 2874 1672 2918; x_wconf 82' lang='lat' dir='ltr'>quasdam.</span> 
     </span>
     <span class='ocr_line' id='line_1_44' title="bbox 249 2918 1421 2966; baseline 0.003 -13"><span class='ocrx_word' id='word_1_371' title='bbox 249 2918 263 2940; x_wconf 84' lang='lat'>⁷</span> <span class='ocrx_word' id='word_1_372' title='bbox 281 2920 317 2954; x_wconf 84' lang='lat' dir='ltr'>O.</span> <span class='ocrx_word' id='word_1_373' title='bbox 335 2921 373 2954; x_wconf 82' lang='lat' dir='ltr'>E.</span> <span class='ocrx_word' id='word_1_374' title='bbox 392 2921 473 2954; x_wconf 67' lang='lat' dir='ltr'>omit</span> <span class='ocrx_word' id='word_1_375' title='bbox 489 2924 526 2955; x_wconf 91' lang='lat' dir='ltr'>et</span> <span class='ocrx_word' id='word_1_376' title='bbox 541 2923 614 2955; x_wconf 83' lang='lat' dir='ltr'>and</span> <span class='ocrx_word' id='word_1_377' title='bbox 631 2923 719 2965; x_wconf 83' lang='lat' dir='ltr'>ejus.</span> <span class='ocrx_word' id='word_1_378' title='bbox 770 2923 813 2956; x_wconf 90' lang='lat' dir='ltr'>D.</span> <span class='ocrx_word' id='word_1_379' title='bbox 832 2924 1001 2956; x_wconf 67' lang='lat' dir='ltr'>inter-lines</span> <span class='ocrx_word' id='word_1_380' title='bbox 1017 2924 1114 2958; x_wconf 77' lang='lat' dir='ltr'>them.</span> <span class='ocrx_word' id='word_1_381' title='bbox 1225 2921 1240 2945; x_wconf 73' lang='lat'>⁸</span> <span class='ocrx_word' id='word_1_382' title='bbox 1257 2923 1294 2957; x_wconf 84' lang='lat' dir='ltr'>O.</span> <span class='ocrx_word' id='word_1_383' title='bbox 1315 2923 1421 2966; x_wconf 81' lang='lat' dir='ltr'>liegii.</span> 
     </span>
    </p>
   </div>
   <div class='ocr_carea' id='block_1_5' title="bbox 233 2964 1573 3061">
    <p class='ocr_par' dir='ltr' id='par_1_7' title="bbox 233 2964 1573 3061">
     <span class='ocr_line' id='line_1_45' title="bbox 245 2964 1554 3015; baseline 0.002 -16"><span class='ocrx_word' id='word_1_384' title='bbox 245 2964 260 2987; x_wconf 84' lang='lat'>⁰</span> <span class='ocrx_word' id='word_1_385' title='bbox 277 2967 314 2999; x_wconf 80' lang='lat' dir='ltr'>C.</span> <span class='ocrx_word' id='word_1_386' title='bbox 334 2968 371 3001; x_wconf 88' lang='grc' dir='ltr'>Ε.</span> <span class='ocrx_word' id='word_1_387' title='bbox 391 2978 592 3012; x_wconf 85' lang='lat' dir='ltr'>omnesque.</span> <span class='ocrx_word' id='word_1_388' title='bbox 878 2968 907 2991; x_wconf 83' lang='lat'>²⁰</span> <span class='ocrx_word' id='word_1_389' title='bbox 923 2970 962 3005; x_wconf 87' lang='lat' dir='ltr'>O.</span> <span class='ocrx_word' id='word_1_390' title='bbox 973 2971 1022 3006; x_wconf 62' lang='lat' dir='ltr'>Fr.</span> <span class='ocrx_word' id='word_1_391' title='bbox 1041 2971 1113 3005; x_wconf 82' lang='lat' dir='ltr'>add</span> <span class='ocrx_word' id='word_1_392' title='bbox 1128 2972 1232 3015; x_wconf 80' lang='lat' dir='ltr'>eujus</span> <span class='ocrx_word' id='word_1_393' title='bbox 1248 2970 1409 3013; x_wconf 85' lang='lat' dir='ltr'>promissi</span> <span class='ocrx_word' id='word_1_394' title='bbox 1425 2970 1554 3002; x_wconf 78' lang='lat' dir='ltr'>favore.</span> 
     </span>
     <span class='ocr_line' id='line_1_46' title="bbox 233 3012 1573 3061; baseline 0.001 -14"><span class='ocrx_word' id='word_1_395' title='bbox 233 3012 260 3034; x_wconf 78' lang='lat'>¹¹</span> <span class='ocrx_word' id='word_1_396' title='bbox 279 3014 315 3047; x_wconf 79' lang='lat' dir='ltr'>G.</span> <span class='ocrx_word' id='word_1_397' title='bbox 334 3014 373 3048; x_wconf 89' lang='grc' dir='ltr'>Ε.</span> <span class='ocrx_word' id='word_1_398' title='bbox 393 3015 634 3058; x_wconf 84' lang='lat' dir='ltr'>exheredatos,</span> <span class='ocrx_word' id='word_1_399' title='bbox 656 3018 727 3050; x_wconf 85' lang='lat' dir='ltr'>and</span> <span class='ocrx_word' id='word_1_400' title='bbox 743 3029 778 3052; x_wconf 78' lang='lat' dir='ltr'>so</span> <span class='ocrx_word' id='word_1_401' title='bbox 795 3019 934 3061; x_wconf 72' lang='lat' dir='ltr'>passim.</span> <span class='ocrx_word' id='word_1_402' title='bbox 980 3015 982 3021; x_wconf 59' lang='grc'><strong>”</strong></span> <span class='ocrx_word' id='word_1_403' title='bbox 1216 3015 1243 3038; x_wconf 72' lang='lat'>1²</span> <span class='ocrx_word' id='word_1_404' title='bbox 1260 3017 1296 3051; x_wconf 83' lang='lat' dir='ltr'>O.</span> <span class='ocrx_word' id='word_1_405' title='bbox 1316 3017 1355 3050; x_wconf 89' lang='lat' dir='ltr'>E.</span> <span class='ocrx_word' id='word_1_406' title='bbox 1375 3016 1573 3058; x_wconf 85' lang='lat' dir='ltr'>Kildromy.</span> 
     </span>
    </p>
   </div>
  </div>
 </body>
</html>
