2008 3360
323 304 405 344 204
827 312 953 343 LIBER
972 312 1331 344 PLUSCARDENSIS.

319 432 418 460 rum
456 417 645 461 dominio
684 417 882 459 volumus
931 416 1148 471 subjugari
1196 416 1477 471 aliquatenus.
1568 418 1668 459 Non
1707 416 1822 459 enim

319 479 491 531 propter
519 476 698 532 gloriam
726 474 841 524 belli,
871 473 963 515 aut²
992 477 1164 528 propter
1185 473 1361 516 divicias
1391 473 1483 516 aut²
1510 473 1688 517 honores
1715 488 1820 530 pug-

321 548 487 585 namus,
528 534 602 576 sed
650 535 822 587 propter
859 531 1102 573 libertatem
1149 530 1356 574 nostram8
1394 536 1438 574 et
1475 531 1587 586 leges
1624 536 1822 587 paternas

323 591 600 641 solummodo,
620 603 726 645 quas
758 601 883 631 nemo
913 589 1095 644 sapiens,
1117 589 1203 631 nisi
1231 589 1361 631 simul
1391 603 1489 631 cum
1507 589 1610 641 vita,
1630 590 1822 632 amittere

323 649 592 691 consentiret.
643 647 760 689 Hinc
780 650 856 697 est,
872 647 1138 689 sanctissime
1152 650 1273 702 pater
1287 651 1330 689 et
1346 647 1527 698 domine,
1539 647 1654 702 quod
1669 647 1823 690 sancti-

322 710 459 750 tatem
480 710 665 748 vestram
684 704 919 761 genuflexis
939 705 1137 747 cordibus
1167 718 1402 755 exoramus,
1422 708 1646 760 quatenus,
1663 705 1824 747 sincero

324 765 449 807 corde
469 769 697 819 menteque
712 763 785 818 pia
803 766 1068 805 recensentes
1082 762 1207 817 quod,
1223 763 1337 818 apud
1357 763 1485 805 Ε111114
1505 763 1627 818 cujus
1646 763 1759 805 vices
1778 762 1824 804 111

323 822 447 865 terris
475 822 635 877 geritis,
656 835 754 863 cum
784 834 871 863 non
897 820 955 863 sit
983 820 1150 875 pondus
1171 834 1309 875 neque
1329 820 1601 876 disti[n]ccio⁵
1621 820 1765 863 Judaei
1784 824 1826 862 et

326 879 475 930 Graeoi,
495 879 612 922 Scoti
640 878 711 921 vel
729 878 913 934 Anglici‚
933 878 1049 934 apud
1076 878 1189 920 Eum
1219 879 1295 921 ubi
1324 879 1522 934 excepcio
1552 892 1827 934 personarum

327 952 414 980 non
443 941 520 988 est,
548 937 849 979 tribulaciones
879 941 923 979 et
951 937 1169 992 angustias
1200 937 1323 979 nobis
1359 940 1402 979 et
1433 936 1620 979 ecclesiae
1653 935 1740 978 Dei
1773 936 1826 978 ab

325 995 487 1039 eisdem
501 995 693 1051 Anglicis
713 994 854 1037 illatas
874 995 1062 1050 paternis
1083 995 1216 1037 oculis
1236 994 1463 1046 intuentes,
1475 994 1561 1050 regi
1577 994 1827 1049 Anglorum,

327 1053 399 1096 cui
427 1053 620 1096 sufficere
649 1052 801 1095 debeat
830 1052 944 1108 quod
973 1066 1100 1095 suum
1128 1056 1194 1095 est
1222 1052 1269 1094 in
1298 1052 1571 1107 possessione,
1597 1066 1695 1094 cum
1725 1051 1828 1094 olim

326 1111 486 1167 Anglia
505 1115 668 1167 septem
688 1114 764 1153 aut
782 1110 977 1166 pluribus
1006 1110 1172 1166 regibus
1202 1110 1390 1153 sufficere
1411 1110 1583 1162 solebat,
1604 1109 1766 1152 moneri
1786 1112 1830 1151 et

327 1169 540 1211 exhortari
570 1168 833 1224 dignemini}3
850 1168 897 1210 in
927 1168 1030 1210 exili
1059 1168 1258 1223 degentes
1288 1168 1508 1210 Scotorum
1536 1167 1688 1218 insula,
1715 1167 1829 1209 ultra

328 1241 459 1283 quam
488 1226 739 1282 habitac[i]o
768 1226 956 1268 humana
984 1239 1071 1268 non
1100 1229 1179 1277 est,
1208 1225 1370 1268 nullius
1395 1225 1506 1281 juris
1535 1225 1620 1267 nisi
1653 1229 1826 1267 tantum

328 1285 444 1340 quod
472 1288 665 1327 nostrum
694 1287 760 1327 est
783 1284 1015 1339 cupientes,
1035 1283 1082 1325 in
1110 1297 1212 1338 pace
1233 1283 1448 1325 dimittat:
1482 1283 1565 1334 cui,
1584 1296 1660 1338 pro
1683 1287 1828 1325 nostra

328 1342 586 1397 procreanda
619 1342 775 1397 quiete,
813 1341 1020 1396 quicquid
1058 1342 1304 1396 poterimus,
1343 1341 1399 1383 ad
1436 1344 1597 1383 statum
1635 1343 1829 1383 nostrum

327 1404 524 1455 respectu
557 1400 716 1451 habito,
749 1399 886 1442 facere
919 1399 1118 1441 volumus
1150 1413 1249 1441 cum
1283 1399 1447 1442 effectu.
1505 1399 1660 1441 Vestra
1687 1398 1828 1450 refert,

330 1461 475 1500 sancte
504 1462 636 1513 pater,
656 1457 747 1499 haec
776 1457 925 1507 facere,
954 1457 1030 1512 qui
1058 1470 1317 1512 paganorum
1346 1457 1570 1507 feritatem,
1592 1455 1828 1499 Christian-

329 1529 451 1558 orum
471 1515 609 1570 culpis
634 1515 915 1571 exigentibus,
936 1515 983 1556 in
1003 1515 1270 1558 Christianos
1299 1515 1544 1557 saevientem
1564 1514 1765 1569 aspicitis,
1786 1517 1831 1556 et

331 1573 670 1616 Christianorum
703 1573 906 1615 terminos
938 1572 1066 1615 artari
1099 1572 1264 1626 indies;
1297 1572 1651 1627 quandocumque
1678 1574 1829 1614 vestrae

329 1630 571 1674 sanctitatis
599 1631 811 1673 memoriae
836 1630 1019 1686 derogat,
1039 1630 1088 1681 si,
1108 1630 1224 1686 quod
1252 1630 1375 1681 absit,
1403 1629 1581 1672 ecclesia
1609 1629 1657 1671 in
1685 1628 1829 1684 aliqua

329 1703 418 1731 suae
436 1692 557 1744 parte
576 1689 728 1731 vestris
757 1688 1019 1743 temporibus
1048 1689 1241 1744 paciatur
1259 1687 1452 1743 eclipsim
1475 1690 1549 1730 aut
1569 1686 1830 1737 scandalum,

329 1760 406 1789 vos
435 1746 641 1789 videritis.
701 1746 873 1788 Excitet
905 1746 1038 1802 igitur
1067 1746 1331 1789 Christianos
1364 1745 1588 1801 principes,
1622 1745 1708 1800 qui,
1742 1758 1830 1786 non

329 1818 501 1847 causam
532 1808 583 1846 ut
615 1817 788 1847 causam
821 1807 1039 1860 ponentes,
1068 1818 1113 1847 se
1142 1804 1310 1860 fingunt
1343 1803 1391 1845 in
1424 1803 1662 1845 subsidium
1693 1803 1829 1845 Terrae

331 1863 510 1914 Sanctae,
538 1865 709 1918 propter
736 1875 906 1918 guerras
936 1875 1042 1917 quas
1075 1862 1234 1904 habent
1268 1875 1367 1904 cum
1400 1860 1616 1916 proximis,
1649 1860 1710 1902 ire
1740 1873 1829 1901 non

328 1934 463 1976 posse.
523 1920 657 1975 Cujus
676 1919 973 1975 impedimenti
993 1933 1118 1962 causa
1138 1924 1203 1962 est
1216 1918 1380 1970 verior,⁷
1395 1918 1509 1973 quod
1527 1918 1575 1959 in
1594 1917 1828 1959 minoribus

328 1978 534 2033 proximis
549 1977 844 2035 [de]be]landis
864 1977 1031 2020 utilitas
1046 1976 1322 2032 propinquior
1337 1980 1381 2019 et
1395 1975 1640 2019 resistencia
1651 1974 1829 2018 debilior

329 2036 576 2079 aestimatur.
635 2035 719 2077 Sed
747 2034 854 2077 tam⁸
872 2035 972 2077 laeto
1001 2035 1125 2078 corde
1143 2034 1284 2077 dictus
1304 2034 1500 2076 dominus
1530 2036 1674 2076 noster
1690 2046 1767 2075 rex
1786 2037 1830 2075 et

330 2107 419 2145 nos,
440 2094 478 2136 si
496 2107 571 2136 rex
589 2092 825 2149 Anglorum
844 2106 921 2135 nos
940 2092 988 2135 in
1006 2106 1110 2148 pace
1130 2092 1374 2143 dimitteret,
1393 2091 1498 2134 illuc
1516 2091 1686 2142 iremus,
1706 2091 1830 2133 Scru-

330 2155 443 2194 tator
462 2151 665 2201 cordium,
685 2150 761 2206 qui
788 2150 923 2193 nichil
951 2150 1129 2205 ignorat,
1158 2150 1262 2193 satis
1291 2150 1437 2192 novit:
1472 2149 1671 2205 quodque
1697 2148 1831 2199 vobis,

331 2214 538 2264 tanquam
568 2208 747 2251 Christi⁹
764 2208 934 2259 vicario,
962 2209 1129 2263 totique
1153 2207 1466 2251 Christianitati
1495 2206 1758 2250 ostendimus
1787 2208 1831 2248 et

331 2271 548 2310 testamur.
608 2266 774 2317 Quibus
803 2266 842 2308 si
870 2266 1075 2309 sanctitas
1094 2270 1236 2309 vestra
1253 2265 1491 2321 Anglorum
1509 2264 1620 2307 fictis
1650 2268 1693 2307 et
1711 2262 1829 2305 falsis

330 2323 645 2367 relacionibus²⁰
658 2324 788 2367 nimis
807 2324 977 2366 credula
991 2324 1119 2366 fidem
1139 2324 1345 2366 sinceram
1364 2322 1612 2373 adhibeatis,
1631 2325 1707 2364 aut
1723 2320 1830 2376 ipsis

331 2382 390 2439 in
407 2387 597 2425 nostram
630 2382 924 2425 confusionem
952 2382 1092 2425 favere
1126 2395 1213 2424 non
1227 2381 1456 2433 desinatis,
1487 2384 1576 2422 tam
1609 2390 1829 2434 corporum

332 2440 542 2482 excidiam
562 2454 692 2495 quam
711 2440 951 2482 animarum
971 2438 1288 2483 exterminant11
1309 2442 1459 2481 caetera
1477 2451 1572 2493 quae
1600 2438 1830 2491 sequentur

331 2497 610 2548 incommoda,
629 2511 726 2552 quae
744 2497 829 2552 ipsi
856 2497 904 2539 in
927 2498 1050 2540 nobis
1071 2501 1115 2540 et
1133 2510 1211 2540 nos
1230 2496 1312 2539 11112
1330 2496 1436 2551 ipsis
1455 2495 1689 2543 fecerimus,
1708 2492 1830 2535 vobis

333 2568 473 2597 coram
500 2554 737 2605 Altissimo,
765 2555 814 2597 in
843 2558 1031 2597 extremo
1057 2555 1232 2610 judicio,
1263 2554 1472 2597 credimus
1506 2550 1831 2606 imputandum:

331 2615 559 2667 postquam
594 2625 741 2654 sumus
771 2615 814 2654 et
843 2612 1011 2663 erimus,
1040 2612 1088 2654 in
1116 2612 1200 2654 hiis
1229 2614 1273 2654 et
1300 2611 1348 2653 in
1376 2610 1471 2652 aliis
1501 2622 1596 2664 quae
1624 2612 1828 2660 tenemur,

331 2674 538 2725 tanquam
565 2669 688 2711 vobis
717 2668 960 2712 obedientes
989 2669 1081 2721 filii,
1100 2668 1458 2724 quemadmodum
1487 2666 1630 2721 Ipsius
1659 2665 1830 2717 vicario,

394 2816 408 2838 1
424 2817 464 2850 Β.
481 2816 518 2850 C.
536 2816 579 2850 D.
596 2816 636 2850 E.
654 2826 726 2850 nec.
900 2815 915 2837 2
931 2817 969 2849 B.
988 2819 1033 2850 et.
1412 2813 1427 2836 ³
1443 2815 1481 2848 B.
1500 2817 1596 2848 omits
1613 2817 1777 2849 nostram.

393 2862 409 2885 ⁴
425 2864 463 2897 B.
482 2864 605 2896 Deum.
899 2861 914 2883 ⁵
930 2863 967 2896 C.
986 2863 1026 2896 E.
1043 2862 1242 2896 distruceio.
1410 2859 1425 2883 ⁶
1441 2862 1481 2894 E.
1499 2862 1586 2894 adds
1598 2865 1781 2905 quatenus.

394 2909 408 2933 ⁷
425 2911 464 2944 B.
482 2911 571 2943 adds
586 2920 701 2954 quam.
898 2908 912 2931 ⁸
928 2910 965 2943 C.
983 2910 1022 2944 E.
1041 2910 1135 2953 quod
1150 2912 1298 2944 tantum.
1410 2907 1426 2930 ⁹
1441 2908 1571 2942 Christi
1587 2910 1622 2941 in
1637 2910 1781 2951 maryin.

378 2956 407 2980 ¹⁰
423 2958 461 2992 C.
479 2957 518 2991 Ε.
537 2956 715 2991 relatibus.
885 2955 913 2978 ¹¹
930 2956 965 2991 C.
984 2956 1023 2990 E.
1042 2956 1211 2991 extremis.
1226 2967 1275 2990 ac.
1395 2954 1423 2977 ¹2
1440 2956 1478 2991 C.
1496 2956 1535 2989 E.
1554 2957 1634 2989 omit
1649 2955 1696 2989 in.
