2008 3360
721 302 850 334 LIBER
869 302 1074 334 OCTAVUS.
1621 297 1639 334 1
1651 298 1672 335 ’ἴ
1681 297 1699 334 l

189 408 348 464 optulit
360 424 371 461 ;
406 422 501 463 quae
534 407 583 450 in
612 407 761 451 eadem
789 408 967 451 ecclesia
996 407 1051 450 ad
1079 407 1165 450 huc
1193 411 1425 451 remanent.
1485 408 1705 464 Episcopi¹

189 467 334 518 eciam,
355 467 529 509 abbates
549 469 593 509 et
613 466 789 509 comites
818 466 949 522 hujus
977 466 1097 521 regni
1117 466 1275 509 Scociae
1295 471 1338 509 et
1358 467 1536 509 barones
1564 481 1706 509 coram

188 525 338 568 eodem
368 538 464 580 rege
493 524 659 580 Angliae
693 524 892 575 Henrico,
927 527 971 567 et
1005 525 1094 566 fflio
1127 525 1218 580 ejus
1251 525 1452 576 Hemico,
1487 539 1537 567 eo
1569 525 1706 568 eciam

188 583 364 626 vivente
385 582 584 625 similiter
598 586 836 633 coronatus,
851 582 927 638 qui
947 583 1031 625 sibi
1044 583 1338 637 juramentum
1358 583 1579 626 fidelitatis
1599 597 1707 639 prae-

190 641 412 694 stiterunt3
433 645 487 692 et,
499 640 601 683 licet
617 641 731 696 quod
746 641 886 683 dictus
901 640 1148 683 Willelmus
1159 641 1451 696 juramentum
1465 643 1708 697 praestitum

188 713 264 755 per
279 713 379 742 eum
398 699 629 755 infringere
648 699 842 750 voluerit,
862 698 949 754 ipsi
969 702 1115 742 contra
1135 713 1234 742 eum
1253 700 1552 756 insurgerent,2
1572 700 1707 743 donec

189 758 447 813 promissum
456 757 749 812 juramentum
763 757 878 799 dicto
893 757 982 812 regi
995 757 1235 813 Anglorum
1248 758 1505 801 reformaret.
1565 759 1709 809 Quam

190 816 328 858 eciam
348 815 640 858 condicionem
661 815 888 870 Gregorius
909 816 1027 870 Papa
1046 820 1140 866 lxm,
1160 830 1237 871 per
1255 816 1422 859 diversa
1442 830 1519 859 sua
1549 816 1710 871 scripta

192 874 362 929 regibus
394 873 565 929 Angliae
594 876 638 916 et
669 873 827 915 Scociae
852 873 1114 924 transmissa,
1144 875 1323 917 firmiter
1352 876 1574 918 observare
1602 888 1710 930 prae-

192 932 329 987 cepit:
362 931 411 974 in
439 932 596 987 quibus
626 931 761 973 eciam
794 931 931 974 literis
966 932 1220 983 continetur,
1252 933 1367 975 inter
1401 936 1564 984 caetera,
1593 932 1710 988 quod

192 989 438 1033 Willelmus
468 993 512 1032 et
534 989 790 1040 Alexander,
811 989 1035 1031 Scotorum
1063 1003 1194 1045 reges,
1214 990 1244 1032 J
1247 990 1406 1033 ohanni
1436 995 1479 1033 et
1509 990 1711 1042 Henrico,

193 1047 431 1103 Anglorum
450 1047 632 1103 regibus,
651 1047 898 1102 homagium
926 1047 1086 1103 legium
1108 1051 1151 1090 et
1169 1048 1389 1091 fidelitatis
1414 1050 1710 1105 juramentum

192 1106 354 1148 faciant
372 1119 468 1160 quae
487 1108 691 1148 tenentur
709 1105 919 1148 exhibere.
979 1106 1093 1148 Item
1117 1106 1235 1161 Papa
1255 1106 1466 1158 Clemens,
1486 1107 1711 1150 scribendo

193 1164 282 1220 regi
315 1163 484 1219 Angliae
516 1176 593 1218 pro
627 1163 814 1219 quodam
845 1164 1045 1219 episcopo
1085 1164 1233 1207 Sancti
1266 1165 1462 1216 Andreae,
1497 1166 1527 1208 J
1529 1166 1712 1216 ohanne,

191 1221 371 1277 expulso
408 1235 487 1277 per
522 1235 667 1278 regem
704 1222 759 1265 ab
798 1221 1058 1278 episcopatu,
1093 1222 1209 1278 quod
1246 1222 1340 1278 ipse
1370 1223 1535 1266 dictum
1568 1237 1713 1278 regem

193 1280 353 1323 Scociae
382 1283 571 1322 moveret
590 1283 635 1323 et
654 1280 938 1336 compelleret,
958 1280 998 1323 si
1016 1294 1190 1324 necesse
1214 1285 1337 1332 esset,
1356 1285 1408 1323 ut
1427 1281 1519 1337 ipse
1539 1282 1713 1323 firmum

194 1338 609 1439 sibioeepiiscopatum
647 1339 903 1390 restitueret,
942 1338 1074 1382 simul
1112 1342 1156 1382 et
1203 1353 1424 1383 rancorem
1469 1340 1607 1383 cordis
1646 1354 1711 1382 re-

195 1410 257 1439 mi
322 1410 395 1440 re.

498 1603 711 1660 §equitur
731 1603 782 1648 ab
805 1604 882 1649 lm:
901 1604 950 1650 hz
964 1604 1247 1652 rismum—01.
1267 1607 1407 1653 xxxhi.

195 1704 350 1773 ET,
383 1723 479 1776 post
515 1721 846 1764 convencionem
879 1722 1128 1777 praedictam
1156 1722 1205 1765 in
1239 1722 1418 1766 00010010
1447 1723 1715 1776 Eboracensi,

197 1794 339 1823 coram
358 1779 573 1835 praedictis
592 1780 764 1835 regibus
783 1779 951 1836 Angliae
966 1783 1010 1823 et
1026 1781 1195 1832 Scociae,
1211 1784 1254 1823 et
1274 1781 1402 1824 fratre
1417 1782 1527 1837 regis
1544 1782 1716 1833 8000100,

196 1838 341 1881 David
370 1838 525 1880 comite
555 1838 608 1881 de
639 1838 981 1894 Hunty[n]gt0n,
1012 1842 1056 1881 et
1084 1839 1285 1882 universo
1311 1839 1482 1906 populo,
1513 1840 1715 1895 episcopi,

196 1896 373 1939 comites
414 1899 458 1938 et
496 1896 675 1938 barones
709 1896 866 1939 8000100
901 1896 1155 1962 juraverunt
1190 1897 1389 1939 similiter
1421 1897 1717 1953 juramentum

195 1953 415 1997 fidelitatis
446 1953 560 1996 dicto
589 1954 826 2010 Anglorum
855 1955 944 2010 regi
970 1958 1015 1997 et
1042 1954 1132 1997 filio
1161 1969 1250 2007 suo,
1281 1959 1429 1998 contra
1463 1969 1610 1998 omnes
1639 1955 1717 1998 ho-

196 2013 347 2063 mines,
377 2012 489 2054 sicut
519 2012 608 2055 suis
641 2012 765 2068 legiis
795 2012 980 2055 dominis
1014 2013 1114 2056 suis.
1175 2014 1290 2056 Item
1323 2013 1439 2056 idem
1468 2013 1716 2056 Willelmus

200 2069 368 2121 8000100,
399 2070 453 2112 ad
481 2070 732 2112 mandatum
764 2071 875 2126 regis
905 2071 1086 2127 Angliae,
1117 2072 1238 2114 venit
1270 2071 1326 2114 ad
1358 2071 1717 2114 Northumbriam

199 2127 255 2170 ad
281 2128 374 2183 ejus
399 2128 742 2183 parliamentum,
769 2106 1004 2171 adducens*
1011 2143 1157 2172 secum
1188 2143 1335 2172 omnes
1366 2129 1563 2185 praelatos
1597 2130 1718 2186 regni

200 2185 377 2238 Scociae3
397 2189 441 2227 et
456 2185 653 2228 similiter
664 2186 749 2228 alia
761 2186 856 2229 vice
870 2187 918 2228 in
930 2187 974 2228 N
975 2201 1241 2229 ormanmam
1256 2187 1376 2230 venit
1391 2187 1446 2230 ad
1465 2187 1718 2230 mandatum

201 2244 304 2298 ejus.
375 2242 490 2285 Item
515 2242 631 2285 idem
655 2257 732 2286 rex
759 2244 917 2287 Scociae
941 2245 1200 2296 Willelmus,
1225 2249 1323 2300 post
1354 2245 1576 2288 decessum
1607 2246 1717 2301 regis

201 2300 382 2344 Henrici
411 2301 656 2356 supradicti,
675 2302 796 2344 venit
826 2302 1189 2354 Cantuariensem‚
1208 2302 1389 2345 Ricardo
1418 2304 1507 2359 regi
1535 2303 1717 2360 Angliae,

201 2359 290 2401 filio
311 2363 354 2402 et
372 2358 519 2401 heredi
539 2358 645 2401 dicti
662 2359 772 2415 regis
801 2359 993 2410 Henrici‚
1008 2364 1051 2403 et
1071 2360 1154 2402 sibi
1174 2361 1276 2403 fecit
1304 2360 1560 2417 homagium.
1622 2362 1717 2413 Quo

201 2417 384 2461 Ricardo
414 2417 530 2460 viam
559 2416 770 2459 universae
799 2417 938 2460 carnis
967 2417 1167 2473 ingresso,
1198 2418 1426 2474 praedictus
1464 2419 1717 2463 Willelmus

199 2475 403 2526 Iohanni,
419 2474 657 2541 Anglorum
676 2475 776 2530 regi,
778 2474 912 2517 fratri
927 2480 970 2518 et
985 2475 1131 2519 heredi
1151 2476 1257 2519 dicti
1271 2477 1454 2528 Ricardi,
1469 2476 1717 2534 homagium

201 2534 304 2576 fecit
324 2537 445 2576 extra
464 2533 685 2575 civitatem
704 2533 938 2576 Lincolniae
958 2547 1086 2590 supra
1100 2534 1314 2590 quendam
1334 2539 1537 2587 montem,
1550 2535 1599 2577 in
1619 2550 1718 2579 con-

203 2595 353 2658 spectu
382 2591 586 2642 omnium,
606 2595 650 2633 et
678 2605 806 2646 super
835 2605 1003 2634 crucem
1022 2592 1306 2648 episcopalem
1329 2593 1507 2636 Roberti
1526 2570 1717 2637 ’001111110-

202 2649 354 2692 riensis
373 2649 681 2704 archiepiscopi
704 2649 997 2704 juramentum
1017 2650 1234 2693 fidelitatis
1253 2651 1478 2707 praestitit:
1508 2651 1623 2707 quod
1642 2666 1718 2707 per

203 2712 364 2750 cartam
389 2721 512 2750 suam
540 2710 760 2762 patentem
789 2708 1008 2760 concessit,
1039 2712 1082 2751 et
1112 2708 1227 2764 quod
1255 2709 1551 2752 Alexandrum
1579 2710 1717 2751 filium

203 2778 342 2815 suum,
370 2768 577 2820 tanquam
606 2765 825 2807 hominem
859 2779 985 2807 suum
1013 2765 1184 2822 legium,
1214 2767 1270 2809 ad
1297 2767 1565 2810 voluntatem
1594 2781 1717 2809 suam

204 2823 444 2876 maritaret;
471 2823 585 2866 inter
603 2822 806 2878 praedicta
826 2823 960 2866 eciam
979 2824 1157 2867 firmiter
1183 2825 1470 2881 promittendo
1491 2825 1606 2880 quod
1636 2825 1719 2867 sibi

253 2961 266 2984 ¹
284 2963 447 3007 Episcopi
465 2966 499 2998 in
515 2965 651 3008 marqin
668 2964 753 2998 later
764 2964 831 3007 sor
847 2964 922 3008 Ipsi
936 2965 1052 2999 ceored
1068 2970 1135 2999 out.
1392 2964 1406 2986 ²
1423 2966 1462 2999 B.
1481 2965 1669 3008 insurgere.
