1968 3360
317 339 368 380 70
812 348 937 378 11111111
956 347 1313 379 11188811101111818.

311 456 500 507 tempore
526 451 738 508 posterius
769 450 991 501 transactO,
1026 450 1252 506 praedictus
1285 447 1462 507 legatus,
1489 465 1565 508 per
1593 452 1811 508 episcopos

311 510 618 553 Eboracensem
632 514 676 552 et
689 509 1036 559 Dunelmensem,
1053 509 1359 551 commissarios
1374 523 1484 561 suos,
1498 523 1642 553 omnes
1661 511 1812 576 praela-

310 572 377 610 tos
379 568 583 623 ,praestita
595 567 794 609 caucione
806 542 1074 608 destinand'o1
1085 566 1297 608 mandatis
1312 566 1511 618 ecclesiae‚
1521 569 1701 622 pecunia
1711 582 1813 623 prae-

311 626 498 676 cedente,
512 624 795 667 absolucionis
814 623 1066 666 beneficium
1085 624 1317 677 concessit3
1336 628 1380 667 et
1399 624 1474 679 qui
1493 638 1580 667 non
1598 625 1812 668 habebant

312 683 514 738 precium,
533 682 587 725 ad
615 681 776 723 curiam
805 681 1052 734 Romanam,
1073 682 1128 724 ad
1150 695 1295 724 eorum
1315 682 1644 725 811801118101181112
1673 683 1812 738 optin-

313 741 477 791 endam,
506 739 784 782 destinarunt.
862 739 917 781 In
945 739 1025 781 1108
1054 753 1153 782 vero
1182 740 1296 795 quod
1324 740 1490 795 praelati
1519 740 1739 783 Scotorum
1771 744 1816 783 et

312 798 455 840 clerici
483 797 684 853 praedicta
713 797 900 839 enormia
933 802 977 840 et
1005 797 1181 840 abusiva
1215 798 1411 853 dampna,
1438 798 1487 840 in
1515 798 1817 840 detrimentum

311 855 498 898 ecclesiae
527 855 770 905 Scoticanae,
799 854 1077 910 neglexerunt
1089 870 1100 908 ;
1128 855 1214 910 qui,
1243 869 1318 911 per
1350 856 1565 911 ignaviam
1593 855 1736 910 tepide
1771 868 1816 898 se

311 913 529 964 habentes,
567 926 712 955 eorum
759 913 992 968 privilegiis
1040 913 1378 969 suffragantibus,
1417 927 1513 968 quae
1546 913 1816 969 neglegenter

310 971 571 1025 ignorabant,
594 971 783 1021 animati,
802 970 857 1013 ad
876 970 1116 1013 Romanum
1143 971 1389 1026 pontificem
1414 971 1627 1026 appellare
1645 975 1814 1026 potuer-

311 1033 404 1080 unt,
423 1028 694 1084 dispendium
713 1029 961 1079 maximum,
976 1042 1075 1071 cum
1094 1029 1294 1071 dedecore
1315 1029 1513 1080 ecclesiae,
1532 1033 1623 1071 tam
1652 1028 1814 1071 clericis

313 1100 443 1141 quam
471 1086 657 1142 praelatis
686 1100 816 1141 quam
844 1086 979 1129 eciam
998 1087 1195 1129 omnibus
1217 1087 1336 1142 regni
1358 1087 1521 1137 incolis,
1540 1086 1816 1128 unanimiter³

311 1143 553 1187 intulerunt
565 1159 577 1196 3
625 1144 754 1199 quia*
782 1158 858 1199 pro
901 1144 1021 1186 mille
1055 1144 1175 1187 libris
1213 1158 1289 1200 pro
1332 1144 1637 1200 appellacionis
1675 1157 1814 1198 perse-

313 1201 520 1252 cucione,⁵
551 1202 728 1244 evadere
771 1201 1009 1257 periculum
1047 1206 1289 1257 potuerunt,
1317 1216 1393 1257 pro
1437 1202 1584 1245 decem
1623 1201 1815 1243 millibus

311 1259 516 1302 librarum
544 1273 720 1302 aureum
747 1260 998 1315 praedictum
1035 1259 1235 1315 legatum,
1264 1274 1363 1303 cum
1397 1260 1485 1302 suis
1519 1259 1816 1302 commissariis

311 1317 361 1360 in
380 1317 571 1360 Scociam
589 1317 824 1368 destinatis,
842 1317 1019 1359 minime
1038 1322 1281 1361 contentare
1305 1317 1544 1360 valuerunt.
1603 1318 1684 1359 Per
1703 1316 1817 1373 quod

314 1375 426 1418 clare
464 1379 640 1431 apparet
678 1375 851 1418 clericos
889 1380 933 1418 et
970 1375 1167 1430 praelatos
1201 1389 1251 1418 eo
1288 1379 1477 1430 tempore
1505 1375 1691 1417 multum
1720 1388 1817 1430 erga

312 1433 534 1480 ecclesiam
562 1432 776 1483 defecisse,
805 1432 880 1488 qui
906 1446 993 1474 non
1022 1446 1098 1475 suo
1124 1433 1270 1488 judici,
1303 1447 1448 1489 ymmo
1476 1432 1615 1489 legato
1644 1432 1818 1475 alterius

310 1491 579 1533 immicorum
590 1490 718 1546 regni,
733 1504 861 1545 quem
875 1490 1086 1533 declinare
1092 1491 1272 1546 juridice
1284 1495 1526 1546 potuerunt,
1531 1490 1819 1533 obedienciam

312 1549 567 1604 praestetisse
582 1548 843 1591 videbantur.
894 1548 952 1590 Et
970 1548 1073 1590 dum
1088 1548 1262 1603 quidam
1277 1548 1749 1598 excommunicatorum,
1764 1547 1818 1589 ad

313 1606 534 1649 ecclesiam
540 1606 774 1648 Romanam
785 1606 1017 1657 venientes,
1030 1606 1313 1648 absolucionis
1324 1606 1576 1648 beneficium
1587 1606 1819 1660 pecierunt,

315 1664 491 1729 quidam
520 1663 746 1706 cardinalis
775 1663 822 1705 in
841 1663 1071 1729 praesencia
1090 1677 1212 1719 papae
1231 1663 1486 1706 subridendo
1512 1663 1634 1714 dixit,
1653 1663 1820 1705 Natura

315 1722 483 1777 piarum
506 1721 721 1763 menoium
741 1725 807 1763 est
824 1721 1006 1772 veniam,
1026 1721 1101 1763 ubi
1121 1721 1242 1764 nulla
1261 1722 1408 1764 subest
1426 1721 1563 1776 culpa,
1583 1721 1819 1776 impetrare

315 1779 372 1821 In
400 1779 541 1821 reditu
559 1792 659 1822 vero
685 1779 950 1834 quorundam
979 1779 1359 1822 commissariorum
1379 1779 1748 1834 subdeligatorum‚
1767 1778 1821 1820 de

313 1836 535 1879 Abbirden
548 1837 780 1887 venienteS,
799 1836 914 1891 apud
928 1837 1135 1879 Lundoris
1154 1836 1369 1892 hospitati,
1384 1851 1529 1880 eorum
1544 1850 1750 1879 cameram
1767 1835 1821 1878 (18

317 1899 442 1937 nocte
485 1894 600 1950 igne⁶
632 1894 959 1945 inflammantes,
992 1895 1135 1937 taliter
1182 1895 1340 1937 territi⁷
1379 1898 1511 1945 erant,
1550 1894 1665 1950 quod
1708 1893 1822 1948 prior

317 1952 623 1995 Dunelmensis
661 1952 775 2007 apud
816 1952 1100 2007 Coldingham
1137 1957 1272 1995 morte
1319 1956 1560 2008 praeventus
1600 1951 1821 2006 expiravit.

318 2010 423 2053 Post
447 2009 546 2052 hoc⁸
563 2014 719 2061 autem,
733 2009 875 2052 missis
898 2010 1066 2052 nunciis
1087 2009 1140 2052 ad
1160 2010 1321 2052 curiam
1333 2011 1568 2052 Romanam
1587 2023 1662 2075 per
1680 2022 1822 2064 regem

315 2067 621 2119 Alexandrum,
640 2067 861 2123 privilegia
889 2072 933 2110 et
959 2067 1175 2110 libertates
1194 2068 1312 2123 regni
1342 2067 1509 2119 Scociae,
1529 2071 1573 2110 et
1598 2067 1823 2132 signanter,

318 2125 561 2169 renovando
593 2130 637 2168 et
669 2139 745 2181 per
777 2138 933 2180 papam
966 2125 1263 2176 confirmando,
1291 2125 1494 2191 praedicta
1524 2124 1747 2180 privilegia
1776 2124 1824 2166 111

319 2188 479 2225 statum
498 2183 727 2239 pristinum
755 2183 1044 2226 reformantur.
1102 2183 1276 2226 Eisdem
1295 2183 1429 2226 eciam
1457 2182 1716 2238 temporibus
1736 2181 1822 2224 fac-

319 2246 414 2283 tum
426 2245 491 2284 est
504 2241 745 2296 passagium
757 2254 957 2296 magnum
970 2254 1093 2283 cruce
1107 2241 1377 2295 signatorum,
1390 2245 1479 2283 tam
1498 2254 1655 2296 regum,
1653 2238 1823 2324 ⁹princi-

321 2312 439 2354 pum,
451 2313 581 2354 quam
599 2299 791 2349 aliorum,
802 2299 849 2340 in
867 2303 1022 2341 terram
1042 2304 1232 2341 sanctam
1252 2299 1282 2341 J
1284 2297 1671 2348 erosohmitanam
1689 2297 1823 2339 eciam

321 2370 422 2398 cum
454 2370 607 2411 magno
638 2357 826 2399 exercitu
859 2356 1129 2412 praelatorum
1162 2361 1206 2399 et
1238 2356 1496 2407 clericorum,
1525 2356 1579 2398 ad
1606 2368 1824 2410 recupera-

322 2413 489 2456 cionem
522 2414 682 2456 dictae²⁰
709 2414 908 2463 civitatis,
935 2428 1031 2469 quae
1068 2428 1144 2469 per
1182 2414 1407 2457 soldanum
1435 2415 1665 2456 Turcorum
1699 2416 1825 2467 capta

323 2471 409 2513 fuit
427 2475 471 2514 et
490 2470 716 2522 destructa,
736 2472 926 2527 exceptis
945 2472 1120 2528 Templo
1140 2476 1185 2515 et
1204 2472 1417 2528 Sepulcro.

389 2620 403 2644 ¹
421 2621 458 2656 C.
477 2621 517 2655 E.
535 2620 580 2654 de
605 2620 741 2654 stando.
791 2621 834 2655 D.
853 2621 916 2655 hae
931 2633 955 2655 a
971 2622 1066 2655 word
1084 2621 1254 2665 emudqed,
1275 2622 1351 2656 then
1366 2621 1493 2656 stando
1509 2620 1587 2654 with
1603 2622 1638 2654 st
1653 2619 1826 2662 smudyed.

388 2667 404 2690 ¹
419 2668 457 2703 O.
476 2669 516 2702 Ε.
535 2670 615 2701 omit
631 2667 1149 2703 beneficium—absolutionem.
1407 2667 1422 2690 ³
1437 2668 1474 2702 C.
1494 2668 1534 2702 E.
1554 2667 1808 2701 universaliter.

388 2713 404 2738 ⁴
419 2716 457 2751 C.
476 2715 516 2749 Ε.
534 2717 637 2748 insert
652 2714 722 2749 ubi.
865 2713 881 2737 ⁶
898 2715 936 2749 O.
953 2715 994 2749 Ε.
1008 2714 1263 2759 prosecucione.
1405 2714 1421 2736 ⁶
1436 2715 1474 2749 C.
1493 2715 1533 2748 E.
1551 2714 1677 2758 ignem.

389 2760 404 2785 ⁷
421 2762 459 2796 O.
480 2762 523 2796 D.
541 2762 582 2796 E.
600 2762 733 2796 territe.
1405 2760 1420 2784 ⁸
1437 2762 1474 2796 O.
1493 2762 1534 2795 E.
1551 2761 1634 2795 haec.

389 2807 405 2831 ⁹
422 2809 460 2844 C.
477 2809 518 2844 E.
535 2809 560 2843 J
561 2808 833 2844 erolomitanam.
884 2808 926 2844 D.
944 2808 968 2843 J
970 2808 1287 2844 erosolomitanam.
1392 2808 1422 2831 ²⁰
1439 2809 1476 2844 C.
1494 2809 1534 2842 Ε.
1552 2808 1737 2853 praedictae.
