1968 3360
731 322 857 353 LIBER
878 321 1100 355 SEPTIMUS.
1623 312 1672 349 61

163 430 247 473 3113
276 429 422 480 nostri,
442 432 532 472 tam
549 428 661 471 vivis
687 442 816 484 quam
835 428 1076 481 defunctis3
1104 429 1148 470 et
1167 426 1363 469 ammodo
1382 425 1458 467 illa
1478 439 1503 467 a
1522 425 1615 466 Deo
1636 427 1680 466 et

164 488 343 531 ecclesia
362 488 556 530 Romana
574 490 781 542 tanquam
801 486 1057 529 feodatarius
1076 485 1327 542 recipientes
1353 488 1397 527 et
1411 486 1620 533 tenentes,
1632 483 1680 524 in

164 546 395 612 praesencia
413 545 669 588 venerabilis
698 545 832 601 patris
861 544 997 587 nostri
1017 543 1217 586 Nicholai
1237 541 1569 586 (3331313113113131
1590 540 1679 597 epi-

169 604 300 659 scopi,
315 603 570 659 Apostolicae
582 603 694 645 sedis
714 603 855 659 legati,
867 606 911 645 et
926 602 1089 645 domini
1104 601 1360 658 Pandulphi‚
1373 600 1536 643 domini
1551 599 1680 654 Papae

165 662 415 704 subdiaconi
446 666 489 704 et
518 661 749 704 familiaris.
808 661 976 703 Exinde
1005 660 1207 716 praedicto
1242 659 1414 702 domino
1444 659 1574 714 Papae
1603 658 1679 699 In-

167 721 370 763 nocencio
403 720 535 762 tercio
570 720 747 774 ejusque
782 719 1004 762 catholicis
1039 718 1350 761 successoribus
1389 731 1438 760 ac
1473 714 1679 759 ecclesiae2

167 779 383 829 Romanae,
402 777 637 820 secundum
664 777 947 832 subscriptam
967 777 1158 828 formam,
1178 776 1356 819 fecimus
1372 779 1416 818 et
1439 774 1679 831 juravimus

166 837 411 893 homagium
431 840 475 878 et
493 835 652 890 legium
671 849 746 890 pro
765 835 981 890 praedictis
1001 835 1141 890 regnis
1161 835 1254 877 Deo
1282 839 1325 877 et
1346 832 1548 890 apostolis
1569 832 1679 888 ejus3

168 896 295 937 Petro
311 899 354 937 et
367 893 512 944 Paulo,
527 897 571 935 et
585 892 772 935 ecclesiae
785 893 998 943 Romanae,
1011 899 1055 935 et
1071 893 1210 936 eidem
1225 893 1396 935 domino
1409 892 1537 958 Papae
1549 891 1681 933 Inno-

168 953 314 995 cencio
333 952 476 1002 tercio,
490 964 566 1006 per
579 964 731 992 manus
746 950 970 1005 praedicti‘
957 951 1094 1006 1psius
1109 951 1251 1007 legati,
1266 951 1360 993 loco
1376 954 1420 993 et
1434 950 1529 992 vice
1543 949 1681 1004 ipsius

168 1010 331 1053 domini
344 1011 472 1064 Papae
483 1008 769 1064 recipientis*
734 1041 746 1061 ,
796 1008 968 1064 publice
983 1008 1158 1051 heredes
1179 1013 1223 1051 et
1243 1022 1501 1051 successores
1514 1011 1681 1050 nostros

168 1068 221 1111 de
235 1081 367 1110 uxore
378 1070 523 1109 nostra
528 1065 860 1122 imperpetuum⁶
867 1066 1181 1122 0111133010033,ὅ
1187 1070 1237 1108 ut
1243 1066 1375 1108 simili
1386 1066 1511 1108 modo
1524 1065 1599 1121 qui
1605 1078 1681 1121 pro

167 1131 356 1181 tempore
362 1124 555 1182 fueri[n]t
567 1138 733 1167 summo
738 1124 934 1180 pontifici
946 1128 990 1166 et
996 1125 1210 1175 Romanae,
1217 1124 1403 1167 ecclesiae
1416 1124 1508 1166 sine
1521 1128 1683 1166 contra-

169 1184 370 1233 diccione,
380 1182 563 1225 debeant
577 1182 827 1225 fidelitatem
841 1186 1051 1238 praestare,
1065 1187 1108 1225 et
1119 1182 1364 1238 homagium
1378 1195 1681 1248 recognoscere.

168 1242 240 1284 Ad
258 1241 467 1284 indicium
486 1240 616 1296 hujus
631 1245 846 1296 perpetuae
865 1240 1141 1297 obligacionis
1157 1245 1201 1283 31,
1216 1240 1502 1283 concessionis
1517 1243 1683 1291 nostrae,

168 1299 396 1342 Volumus⁷
417 1304 461 1341 et
481 1298 732 1350 stabilimus,
752 1303 803 1341 ut
822 1298 875 1341 de
893 1299 1076 1366 propriis
1097 1302 1141 1341 et
1161 1298 1416 1355 specialibus
1445 1297 1684 1340 redditibus

168 1357 466 1414 praedictorum
487 1370 724 1413 regnorum,
735 1370 812 1412 pro
827 1357 946 1399 omni
960 1357 1139 1400 servicio
1155 1362 1396 1400 nostrorum
1412 1355 1472 1399 et⁸
1485 1369 1561 1411 pro
1575 1355 1682 1411 ipsis

169 1417 305 1458 facere
321 1416 535 1466 debemus,
550 1414 669 1457 salvo
683 1429 760 1471 per
774 1415 918 1457 omnia
938 1415 1111 1458 denario
1131 1415 1248 1458 beati
1263 1415 1391 1466 Petri,
1406 1414 1582 1457 ecclesia
1598 1414 1683 1455 Ro-

169 1488 297 1516 mana
307 1473 427 1516 1111113
438 1487 600 1516 0131033
607 1473 815 1529 percipiat
826 1473 1229 1525 annuatim‚infesto
1242 1473 1292 1517 s.⁹
1298 1473 1447 1516 Sancti
1454 1472 1683 1515 Michaelis

171 1532 418 1588 quingintas
432 1545 607 1582 marcas,
620 1531 724 1574 etin
739 1531 903 1574 Pascha
922 1531 1028 1574 alias
1043 1532 1298 1588 quingentas
1311 1545 1490 1574 marcas:
1511 1530 1592 1573 hoc
1605 1534 1682 1582 est,

171 1590 462 1646 septingentas
474 1603 550 1645 pro
562 1603 691 1646 regno
706 1589 887 1646 Angliae,
902 1594 946 1632 et
959 1594 1193 1633 trescentas
1207 1604 1284 1646 pro
1299 1603 1427 1646 regno
1446 1589 1683 1640 Hiberniae;

171 1648 303 1691 salvis
323 1648 445 1690 nobis
465 1651 509 1690 et
537 1647 764 1690 heredibus
784 1648 940 1691 nostris
964 1648 1151 1704 justiciis
1175 1652 1219 1691 et
1237 1647 1507 1691 libertatibus
1527 1647 1684 1689 nostris

170 1706 393 1761 regalibus.
454 1707 560 1757 Quae
580 1706 734 1756 omnia,
749 1706 861 1748 sicut
876 1706 1118 1762 supradicta
1133 1711 1246 1757 sunt,
1260 1711 1353 1749 rata
1373 1720 1464 1749 esse
1479 1705 1685 1756 volentes,

171 1769 376 1831 perpetua
396 1768 523 1819 atque
542 1764 674 1815 firma,
690 1764 925 1819 obligamus
945 1778 1022 1806 nos
1043 1769 1087 1807 et
1101 1764 1274 1807 heredes
1293 1768 1459 1806 nostros
1479 1777 1566 1805 non
1586 1777 1685 1805 con-

171 1823 392 1865 travenire.
451 1823 520 1872 Et,
540 1822 577 1864 si
597 1822 752 1888 aliquis
782 1822 835 1864 (13
854 1823 978 1865 nobis
996 1822 1067 1865 vel
1087 1823 1398 1866 successoribus
1418 1821 1574 1864 nostris
1603 1821 1685 1863 hoc

170 1884 425 1936 attemptare
445 1880 772 1936 praesumpserit,
773 1879 807 1906 ¹⁰
822 1881 945 1923 cadat
964 1894 990 1923 a
1003 1881 1100 1936 jure
1118 1881 1247 1936 regni.
1306 1881 1375 1931 Et,
1394 1884 1444 1922 ut
1463 1879 1555 1922 haec
1570 1884 1686 1922 carta

172 1938 448 1994 obligacionis
464 1942 506 1981 et
522 1938 806 1981 concessionis
822 1942 978 1981 nostrae
993 1952 1159 1995 semper
1171 1939 1246 1981 etl1
1261 1939 1383 1980 firma
1397 1941 1579 1989 maneat,
1593 1937 1684 1993 Ego

173 1997 203 2039 J
206 1996 393 2039 ohannes
421 2010 495 2039 rex
515 1996 697 2052 Angliae,
717 1996 915 2039 dominus
935 1997 1167 2048 Hiberniae,
1186 1997 1241 2039 ab
1260 1996 1341 2039 hac
1361 1997 1464 2038 hora
1492 1996 1540 2038 10
1559 2000 1686 2038 antea

173 2054 312 2096 fidelis
328 2068 398 2097 ero
413 2055 506 2097 Deo
521 2058 565 2097 et
579 2055 704 2097 beato
719 2055 846 2097 Petro
861 2060 905 2097 et
919 2055 1108 2098 ecclesiae
1122 2031 1325 2098 Romanae
1340 2058 1384 2097 et
1403 2054 1575 2096 domino
1590 2067 1685 2096 meo

175 2112 431 2155 1000030010
450 2113 581 2155 tercio
609 2126 731 2169 papae
751 2113 928 2168 ejusque
958 2113 1177 2156 catholicis
1208 2113 1531 2156 successoribus.
1592 2112 1685 2154 Nec

175 2169 279 2213 ero12
294 2170 417 2221 facto,
438 2170 564 2221 dicto,
583 2170 653 2213 vel
672 2184 881 2213 consensu
895 2171 964 2213 vel
985 2172 1163 2214 consilio
1182 2174 1232 2213 ut
1251 2172 1387 2213 vitam
1407 2170 1588 2226 perdant
1613 2169 1685 2213 vel

175 2228 377 2279 membra,
393 2231 467 2270 aut
482 2204 595 2270 111313
607 2229 806 2283 capcione
818 2229 1050 2284 capiantur.
1096 2229 1256 2271 Eorum
1271 2229 1518 2284 dampnum,
1530 2228 1567 2271 si
1579 2241 1686 2294 prae-

176 2286 350 2338 scivero,
365 2262 596 2341 impediam
610 2289 654 2328 et
667 2287 874 2329 removeri
889 2287 1052 2338 faciam,
1068 2287 1107 2329 si
1121 2291 1284 2342 potero;
1313 2287 1383 2329 vel
1403 2300 1533 2342 quam
1552 2286 1686 2329 cicius

175 2349 322 2400 potero
348 2344 568 2395 intimabo,
586 2344 657 2386 vel
676 2344 754 2386 tali
772 2358 962 2399 personae
981 2321 1189 2387 intimabo
1210 2359 1340 2400 quam
1369 2345 1429 2387 eis
1456 2344 1579 2387 credo
1608 2358 1686 2400 pro

177 2406 290 2445 certo
306 2401 527 2445 dicturam.
589 2401 827 2444 Consilium
842 2403 976 2445 eciam
991 2403 1106 2458 quod
1120 2403 1229 2445 mihi
1247 2402 1514 2454 crediderint,
1532 2416 1609 2459 per
1627 2416 1687 2453 se,

176 2460 280 2503 vel¹³
296 2460 475 2502 nuncios
491 2473 601 2510 suos,
615 2459 687 2502 vel
706 2459 850 2503 literas
870 2474 979 2512 suas,
996 2465 1204 2503 secretum
1223 2461 1387 2512 tenebo,
1403 2464 1446 2504 et
1465 2461 1520 2503 ad
1540 2475 1686 2504 eorum

175 2518 410 2573 dampnum
430 2517 540 2559 nulli
558 2518 755 2573 pandam,
775 2532 844 2560 me
864 2519 1034 2561 sciente.
1085 2519 1395 2562 Patrimonium
1416 2519 1551 2562 eciam
1569 2519 1686 2561 beati

176 2576 303 2626 Petri,
310 2579 352 2618 et
368 2575 608 2632 specialiter
621 2589 749 2632 regna
767 2576 935 2632 Angliae
951 2581 994 2619 et
1006 2577 1237 2629 Hiberniae,
1243 2577 1298 2620 ad
1309 2577 1543 2620 tenendum
1555 2581 1598 2620 et
1614 2577 1687 2619 de-

174 2634 436 2677 fendendum
448 2638 594 2677 contra
606 2648 752 2676 omnes
758 2634 952 2678 homines
965 2635 1133 2691 adjutor
1144 2649 1214 2679 ero
1220 2650 1424 2692 proposse
1436 2650 1540 2678 meo,
1563 2635 1687 2678 Sicut

239 2758 253 2781 ¹
271 2759 310 2793 C.
328 2759 372 2793 D.
390 2759 431 2792 Ε.
450 2758 734 2794 Castellauensis.
830 2758 845 2781 ²
861 2759 900 2793 E.
919 2760 1036 2794 etiam.
1272 2759 1287 2782 ³
1303 2761 1341 2795 C.
1360 2761 1399 2795 Ε.
1417 2761 1491 2794 add
1506 2761 1647 2794 sanctis.

238 2805 253 2828 ⁴
270 2806 308 2840 C.
326 2806 367 2840 E.
384 2806 599 2850 recipientes
826 2804 841 2827 ⁵
857 2807 895 2841 O.
914 2808 957 2842 D.
976 2808 1016 2842 E.
1034 2808 1071 2841 in
1088 2810 1307 2851 perpetuum.

238 2852 254 2921 ε
270 2853 309 2934 g.
327 2853 370 2935 11}
387 2853 654 2934 ἓηὲὒξςωίιεε.
824 2852 839 2876 ⁷
857 2854 895 2889 C.
915 2855 959 2889 D.
976 2855 1018 2889 E.
1038 2855 1200 2890 volimus.
1268 2853 1283 2877 ⁸
1300 2856 1337 2890 O.
1356 2855 1400 2891 D.
1418 2855 1458 2888 Ε.
1477 2854 1581 2898 quod.

224 2945 254 2969 ¹⁰
269 2947 307 2981 C.
324 2947 364 2981 Ε.
381 2948 455 2981 add
469 2947 670 2992 quicunque
686 2947 795 2982 fuerit
810 2947 879 2989 ille,
897 2948 966 2982 nisi
982 2949 1050 2983 rite
1066 2949 1301 2983 commonitus
1317 2948 1539 2992 resipiscerit.

225 2992 309 3029 ¹¹.O
327 2994 370 3030 D.
387 2995 429 3030 E.
449 2996 528 3029 omit
544 2998 591 3030 et.
805 2993 835 3017 ¹²
850 2995 888 3030 C.
910 2996 950 3032 E.
969 2997 1041 3030 add
1056 2997 1104 3032 in.
1248 2995 1277 3018 ¹³
1292 2997 1331 3031 O.
1350 2997 1390 3030 E.
1409 2996 1480 3030 add
1498 3006 1569 3038 per.
