2008 3360
114 2605 183 2630 Λα).
201 2597 287 2630 1289.

391 837 457 892 &z
474 836 671 883 zlzttiunz
694 850 768 882 ztx
791 836 1008 882 mztnhum
1026 836 1075 882 he
1093 835 1307 893 0001011001
1325 836 1453 892 temti,
1478 837 1580 892 pazt
1598 836 1771 882 mrtem

594 903 865 950 nobilissimi
893 903 1106 960 principiis
1134 903 1511 958 guxanhrw—Qt.
1533 903 1563 949 i.

336 978 653 1045 QORTUO
688 996 898 1052 siquidem
930 996 1121 1052 principe
1153 995 1387 1051 magnifico,
1415 994 1658 1037 Alexandro
1687 994 1827 1046 tercio,

333 1055 612 1111 omnibusque
639 1054 782 1097 liberis
802 1054 855 1098 de
875 1068 1043 1110 corpore
1072 1067 1148 1096 suo
1176 1053 1412 1108 procreatis,
1432 1066 1481 1095 00
1500 1053 1634 1095 001010
1663 1052 1828 1095 cunctis

332 1112 534 1168 legitimis
563 1112 785 1155 heredibus
815 1115 859 1155 et
887 1111 1074 1167 cognatis
1094 1125 1120 1153 a
1142 1124 1237 1166 rege
1265 1110 1496 1161 Willelmo,
1515 1124 1595 1152 avo
1624 1109 1826 1160 omnium,

330 1169 534 1213 linialiter
545 1169 905 1220 descendentibus,
920 1174 995 1212 aut
1005 1169 1128 1211 aliter
1138 1167 1452 1224 quomodolibet
1463 1182 1489 1210 a
1499 1167 1640 1219 latere,
1653 1172 1829 1224 excepta

331 1241 418 1270 una
445 1227 623 1283 parvula
650 1227 804 1283 puella,
823 1227 993 1269 nomine
1013 1226 1259 1281 Margareta,
1279 1225 1367 1267 filia
1395 1225 1504 1281 regis
1526 1226 1570 1267 Ν
1571 1225 1826 1280 orouwegiae,

331 1299 380 1328 ac
400 1285 488 1327 filia
517 1285 777 1340 Margaretae,
795 1284 949 1340 reginae
968 1283 1092 1326 diotae
1111 1284 1155 1325 N
1155 1283 1407 1338 orouwegiae‚
1427 1288 1471 1325 et
1498 1281 1703 1338 ejusdem⁸
1722 1282 1827 1324 dicti

330 1342 566 1385 Alexandri
592 1342 700 1398 regis
730 1343 887 1384 Scociae
906 1341 1016 1393 filiae,
1035 1341 1202 1384 vacavit
1229 1354 1406 1396 regnum
1434 1340 1590 1383 Scociae
1610 1354 1684 1383 sex
1703 1340 1826 1382 annis

331 1404 376 1443 et
408 1414 562 1443 novem
593 1400 809 1442 mensibus
842 1400 1000 1455 absque
1032 1398 1234 1454 regimine
1267 1398 1375 1454 regis
1391 1398 1423 1451 ;4
1456 1402 1582 1453 prout
1615 1397 1719 1439 alias
1752 1411 1827 1452 per

332 1457 543 1513 quendam
557 1458 805 1513 prophetam
824 1457 908 1499 fuit
925 1456 1215 1507 vaticinatum,
1234 1455 1295 1499 sic
1315 1455 1526 1498 dicentem
1544 1455 1716 1498 metrice
1729 1454 1760 1497 :⁶

502 1531 699 1587 Principe
719 1530 940 1586 magnifico
959 1530 1087 1573 tellus
1105 1530 1281 1572 viduata
1298 1529 1486 1586 vacabit²

503 1588 642 1631 Annis
662 1588 727 1631 bis
747 1588 869 1630 trinis
889 1587 1105 1630 mensibus
1124 1590 1252 1642 atque
1271 1600 1435 1629 novem.

387 1664 621 1719 Postquam
648 1666 791 1705 autem
823 1662 1018 1718 princeps
1047 1660 1121 1704 ille
1150 1660 1356 1703 dolendus
1385 1661 1438 1703 ab
1468 1660 1663 1703 omnibus
1695 1660 1826 1704 humo

330 1721 519 1764 reclusus
539 1725 615 1771 est,
629 1720 805 1763 consilio
824 1720 970 1762 habito
989 1733 1063 1775 per
1073 1719 1268 1775 praelatos
1287 1722 1330 1762 et
1349 1723 1565 1775 magnates
1585 1718 1713 1775 regni,
1728 1733 1826 1762 con-

331 1792 458 1821 sensu
477 1778 679 1829 omnium,
694 1791 770 1820 sex
789 1777 1034 1820 custodibus
1052 1777 1274 1833 regebatur
1292 1790 1478 1833 regnum,
1490 1777 1582 1826 viz„
1596 1777 1826 1829 venerabili

331 1836 503 1878 domino
515 1836 711 1891 episcopo
724 1834 1044 1886 Sanctiandreae,
1057 1834 1227 1877 domino
1234 1834 1450 1877 Willelmo
1462 1834 1652 1885 Ὲ1·00101·,6
1657 1834 1826 1876 domino

332 1894 485 1937 comite
514 1894 566 1937 de
601 1894 693 1936 Fife
725 1894 945 1944 Duncano,
975 1906 1073 1936 cum
1106 1892 1276 1934 domino
1308 1891 1534 1934 Duncano⁷
1563 1891 1615 1933 de
1645 1891 1826 1946 Cumyn,

333 1951 486 1995 comite
505 1951 558 1994 de
578 1950 795 2003 Buchan;⁸
823 1955 867 1993 et
884 1950 964 1992 hoc
984 1963 1037 1992 ex
1056 1954 1175 2005 parte
1193 1948 1343 1991 boriali
1355 1962 1476 2004 aquae
1494 1948 1546 1991 de
1565 1949 1707 1992 Forth.
1758 1950 1826 1991 Ex

331 2014 451 2064 parte
488 2022 588 2052 vero
626 2008 800 2051 australi
838 2011 958 2050 erant
998 2007 1072 2049 alii
1110 2012 1206 2058 tres,
1237 2006 1328 2057 viz„
1363 2007 1571 2048 Robertus
1603 2006 1826 2062 episcopus

334 2066 621 2122 Glasquensis,
636 2080 733 2109 cum
761 2065 932 2108 domino
952 2065 982 2108 J
983 2064 1148 2107 ohanne
1168 2064 1338 2119 Cumyn
1357 2068 1400 2106 et
1418 2064 1449 2107 J
1450 2064 1577 2106 acobo
1597 2063 1826 2107 senescallo

333 2125 499 2168 Scociae.
551 2124 635 2166 Sed
654 2124 901 2173 Duneanus,
913 2122 1051 2164 dictus
1071 2135 1209 2165 comes
1230 2120 1282 2163 de
1301 2121 1406 2172 Fife,
1419 2121 1547 2176 paulo
1589 2126 1656 2164 ost
1674 2122 1727 2164 ab
1747 2121 1826 2164 hac

332 2181 428 2225 luce
447 2182 656 2237 migravit,
671 2186 714 2224 et
731 2181 841 2223 alius
860 2180 907 2222 in
926 2180 1017 2236 ejus
1036 2179 1128 2222 1000
1148 2179 1405 2222 constitutus
1425 2183 1499 2222 est.
1584 2179 1678 2222 nfra
1696 2178 1828 2235 quod⁹

332 2243 501 2295 tempus
521 2253 596 2282 sex
619 2253 836 2289 annorum,
855 2237 1010 2293 quibus
1028 2237 1102 2280 isti
1121 2251 1195 2280 sex
1225 2236 1419 2280 custodes
1447 2236 1668 2292 regnum10.
1676 2241 1719 2279 et
1737 2250 1824 2279 rem

333 2297 550 2351 publicam
577 2297 787 2352 regebant,
805 2310 880 2339 rex
899 2295 1132 2337 Edwardus
1153 2294 1292 2337 dictus
1312 2294 1640 2350 Langschankis,
1659 2293 1826 2350 cognito
1863 2299 1867 2307 ’

333 2354 447 2409 quod
466 2354 607 2409 puella
621 2354 910 2409 Norouwegiae
938 2353 1148 2409 praedicta,
1167 2352 1339 2395 nomine
1359 2352 1606 2407 Margareta,
1621 2351 1708 2393 filia
1727 2350 1825 2392 filiae

333 2411 483 2453 sororis
513 2425 610 2462 suae,
630 2415 673 2453 et
691 2411 780 2453 filia
799 2410 994 2453 similiter
1011 2411 1110 2452 filiae
1128 2410 1237 2466 regis
1260 2409 1492 2453 Alexandri
1519 2423 1580 2451 nu
1611 2422 1655 2451 er
1672 2407 1826 2450 tercii¹¹

333 2468 535 2518 defuncti,
554 2473 664 2510 esset
682 2482 781 2510 vera
800 2472 843 2511 et
860 2468 1051 2523 legitima
1069 2467 1188 2511 heres
1208 2467 1326 2523 regni
1344 2466 1523 2517 8000100,
1541 2479 1566 2508 0
1599 2469 1825 2520 ectansque

334 2525 530 2581 diligenti
563 2525 696 2568 cura12
723 2525 972 2580 praedictum
1004 2525 1159 2568 Scociae
1191 2538 1368 2581 regnum
1396 2538 1473 2567 suo
1501 2537 1627 2578 regno
1655 2522 1824 2578 Angliae

334 2583 518 2625 adunare
549 2588 591 2625 et
624 2583 887 2638 conjungere,
920 2596 1031 2624 anno
1071 2582 1232 2625 Graciae
1270 2590 1323 2623 ΜΟ
1342 2590 1407 2624 cc⁰
1431 2581 1584 2622 lxxxix
1621 2579 1740 2622 misit
1777 2580 1824 2621 in

335 2641 524 2684 Scociam
543 2653 617 2682 sex
632 2640 810 2682 nuncios
830 2639 1034 2694 speciales
1052 2639 1265 2695 praedictis
1286 2652 1360 2682 sex
1375 2637 1628 2688 custodibus,
1648 2637 1702 2679 ad
1716 2642 1824 2679 mat-

395 2765 410 2788 1
426 2766 466 2800 Β.
483 2765 520 2798 Ο.
538 2764 580 2798 D.
599 2763 639 2797 E.
657 2763 702 2797 ad
717 2763 879 2807 regimen.
975 2761 990 2784 ²
1005 2764 1043 2797 B.
1063 2764 1099 2798 C.
1117 2764 1156 2797 Ε.
1175 2764 1248 2798 add
1262 2762 1372 2797 tercii.
1438 2775 1442 2780 ·
1512 2760 1527 2784 ⁸
1543 2762 1580 2796 G.
1597 2762 1637 2795 Ε.
1656 2762 1773 2796 eciam.

395 2811 411 2834 ⁴
426 2812 553 2846 Scociae
569 2810 786 2854 filiae—regis
802 2813 838 2843 in
853 2812 987 2854 marqin
1002 2810 1096 2844 later.
1307 2809 1323 2831 ⁵
1337 2810 1376 2843 B.
1395 2809 1434 2843 G.
1454 2809 1496 2844 D.
1514 2809 1552 2843 E.
1572 2810 1651 2842 omit
1667 2810 1820 2843 metrice.

395 2859 410 2881 ⁰
426 2860 462 2893 C.
481 2858 626 2891 Frasler.
674 2857 715 2890 E.
732 2857 885 2891 Fruere.
1305 2854 1321 2880 7
1337 2857 1376 2890 Β.
1393 2856 1430 2890 C.
1449 2856 1490 2889 D.
1509 2856 1549 2889 Ε.
1566 2855 1748 2890 Johanne..

394 2906 409 2928 ⁸
423 2906 460 2939 C.
479 2906 518 2939 E.
535 2904 704 2938 Bochane.
754 2904 796 2938 D.
813 2904 986 2938 Boucban.
1306 2901 1322 2925 ⁹
1336 2904 1372 2938 0.
1390 2903 1429 2937 Ε.
1449 2903 1521 2936 add
1536 2913 1627 2935 vero.

380 2952 408 2975 ¹0
423 2953 460 2987 G.
481 2952 519 2986 E.
538 2962 663 2995 regem.
1117 2949 1144 2972 ¹¹
1161 2951 1198 2985 B.
1219 2950 1256 2985 C.
1275 2950 1319 2985 D.
1339 2951 1379 2985 Ε.
1398 2954 1570 2993 transpose
1587 2960 1695 2994 nuper
1708 2949 1820 2983 tercii.

379 2999 407 3022 ¹²
423 3001 461 3034 O.
479 2999 518 3033 Ε.
535 2999 621 3033 read
636 2997 730 3031 omni
746 2997 906 3042 diligenti
923 2997 1048 3033 studio.
