<?xml version="1.0" encoding="UTF-8"?>
<!DOCTYPE html PUBLIC "-//W3C//DTD XHTML 1.0 Transitional//EN"
    "http://www.w3.org/TR/xhtml1/DTD/xhtml1-transitional.dtd">
<html xmlns="http://www.w3.org/1999/xhtml" xml:lang="en" lang="en">
 <head>
  <title>
</title>
<meta http-equiv="Content-Type" content="text/html;charset=utf-8" />
  <meta name='ocr-system' content='tesseract 3.04.00' />
  <meta name='ocr-capabilities' content='ocr_page ocr_carea ocr_par ocr_line ocrx_word'/>
</head>
<body>
  <div class='ocr_page' id='page_1' title='image "./liberpluscardens07plusuoft/liberpluscardens07plusuoft_0455.png"; bbox 0 0 2008 3360; ppageno 0'>
   <div class='ocr_carea' id='block_1_1' title="bbox 213 1073 239 1117">
    <p class='ocr_par' dir='ltr' id='par_1_1' title="bbox 213 1073 239 1117">
     <span class='ocr_line' id='line_1_1' title="bbox 213 1073 239 1117; baseline 0 0"><span class='ocrx_word' id='word_1_1' title='bbox 213 1073 239 1117; x_wconf 66' lang='lat' dir='ltr'><em>A</em></span> 
     </span>
    </p>
   </div>
   <div class='ocr_carea' id='block_1_2' title="bbox 387 834 1532 994">
    <p class='ocr_par' dir='ltr' id='par_1_2' title="bbox 387 834 1532 994">
     <span class='ocr_line' id='line_1_2' title="bbox 943 834 978 877; baseline 0.029 -1"><span class='ocrx_word' id='word_1_2' title='bbox 943 834 978 877; x_wconf 90' lang='grc' dir='ltr'>Ι.</span> 
     </span>
     <span class='ocr_line' id='line_1_3' title="bbox 387 949 1532 994; baseline 0 -2"><span class='ocrx_word' id='word_1_3' title='bbox 387 950 632 993; x_wconf 88' lang='lat' dir='ltr'><strong>NOMINA</strong></span> <span class='ocrx_word' id='word_1_4' title='bbox 661 950 1182 994; x_wconf 86' lang='lat' dir='ltr'><strong>MONASTERIORUM</strong></span> <span class='ocrx_word' id='word_1_5' title='bbox 1211 950 1281 993; x_wconf 88' lang='lat' dir='ltr'>IN</span> <span class='ocrx_word' id='word_1_6' title='bbox 1310 949 1532 994; x_wconf 81' lang='lat' dir='ltr'><strong>SOOGIA.</strong></span> 
     </span>
    </p>
   </div>
   <div class='ocr_carea' id='block_1_3' title="bbox 290 1073 1711 1247">
    <p class='ocr_par' dir='ltr' id='par_1_3' title="bbox 290 1073 1711 1247">
     <span class='ocr_line' id='line_1_4' title="bbox 290 1073 1711 1131; baseline 0.001 -16"><span class='ocrx_word' id='word_1_7' title='bbox 290 1073 440 1117; x_wconf 87' lang='lat' dir='ltr'>Insula</span> <span class='ocrx_word' id='word_1_8' title='bbox 460 1076 567 1117; x_wconf 85' lang='lat' dir='ltr'>Iona</span> <span class='ocrx_word' id='word_1_9' title='bbox 596 1076 745 1118; x_wconf 76' lang='lat' dir='ltr'>Sancti</span> <span class='ocrx_word' id='word_1_10' title='bbox 766 1076 995 1127; x_wconf 71' lang='lat' dir='ltr'>Columbae,</span> <span class='ocrx_word' id='word_1_11' title='bbox 1009 1075 1057 1118; x_wconf 90' lang='lat' dir='ltr'>in</span> <span class='ocrx_word' id='word_1_12' title='bbox 1077 1090 1162 1131; x_wconf 89' lang='lat' dir='ltr'>qua</span> <span class='ocrx_word' id='word_1_13' title='bbox 1191 1079 1293 1118; x_wconf 73' lang='lat' dir='ltr'>sunb</span> <span class='ocrx_word' id='word_1_14' title='bbox 1323 1075 1408 1118; x_wconf 92' lang='lat' dir='ltr'>duo</span> <span class='ocrx_word' id='word_1_15' title='bbox 1437 1074 1711 1127; x_wconf 74' lang='lat' dir='ltr'>monasteria,</span> 
     </span>
     <span class='ocr_line' id='line_1_5' title="bbox 374 1133 1711 1189; baseline 0.001 -15"><span class='ocrx_word' id='word_1_16' title='bbox 374 1147 510 1175; x_wconf 90' lang='lat' dir='ltr'>unum</span> <span class='ocrx_word' id='word_1_17' title='bbox 540 1134 770 1189; x_wconf 81' lang='lat' dir='ltr'>Nigrorum</span> <span class='ocrx_word' id='word_1_18' title='bbox 790 1134 1111 1186; x_wconf 85' lang='lat' dir='ltr'>Monoohorum,</span> <span class='ocrx_word' id='word_1_19' title='bbox 1130 1133 1249 1176; x_wconf 85' lang='lat' dir='ltr'>aliud</span> <span class='ocrx_word' id='word_1_20' title='bbox 1277 1133 1530 1176; x_wconf 84' lang='lat' dir='ltr'>monialium</span> <span class='ocrx_word' id='word_1_21' title='bbox 1550 1133 1711 1175; x_wconf 85' lang='lat' dir='ltr'>ordinis</span> 
     </span>
     <span class='ocr_line' id='line_1_6' title="bbox 374 1191 786 1247; baseline -0.005 -14"><span class='ocrx_word' id='word_1_22' title='bbox 374 1191 522 1234; x_wconf 75' lang='lat' dir='ltr'>Sancti</span> <span class='ocrx_word' id='word_1_23' title='bbox 540 1191 786 1247; x_wconf 77' lang='lat' dir='ltr'>Augustini.</span> 
     </span>
    </p>
   </div>
   <div class='ocr_carea' id='block_1_4' title="bbox 207 1246 1711 1337">
    <p class='ocr_par' dir='ltr' id='par_1_4' title="bbox 207 1246 1711 1337">
     <span class='ocr_line' id='line_1_7' title="bbox 207 1246 1711 1337; baseline 0 -21"><span class='ocrx_word' id='word_1_24' title='bbox 207 1278 249 1321; x_wconf 86' lang='grc' dir='ltr'>-Ι-</span> <span class='ocrx_word' id='word_1_25' title='bbox 284 1273 446 1324; x_wconf 85' lang='lat' dir='ltr'>Crusai,</span> <span class='ocrx_word' id='word_1_26' title='bbox 474 1273 522 1315; x_wconf 86' lang='lat' dir='ltr'>in</span> <span class='ocrx_word' id='word_1_27' title='bbox 552 1273 636 1316; x_wconf 84' lang='lat' dir='ltr'>alia</span> <span class='ocrx_word' id='word_1_28' title='bbox 666 1273 819 1324; x_wconf 84' lang='lat' dir='ltr'>insula,</span> <span class='ocrx_word' id='word_1_29' title='bbox 854 1273 1015 1316; x_wconf 86' lang='lat' dir='ltr'>ordinis</span> <span class='ocrx_word' id='word_1_30' title='bbox 1046 1246 1193 1316; x_wconf 60' lang='lat' dir='ltr'>Sancizi</span> <span class='ocrx_word' id='word_1_31' title='bbox 1221 1273 1468 1337; x_wconf 63' lang='lat' dir='ltr'>Augustini.</span> <span class='ocrx_word' id='word_1_32' title='bbox 1540 1273 1711 1316; x_wconf 88' lang='lat' dir='ltr'>Horum</span> 
     </span>
    </p>
   </div>
   <div class='ocr_carea' id='block_1_5' title="bbox 200 1416 237 1460">
    <p class='ocr_par' dir='ltr' id='par_1_5' title="bbox 200 1416 237 1460">
     <span class='ocr_line' id='line_1_8' title="bbox 200 1416 237 1460; baseline 0 0"><span class='ocrx_word' id='word_1_33' title='bbox 200 1416 237 1460; x_wconf 90' lang='lat'>8</span> 
     </span>
    </p>
   </div>
   <div class='ocr_carea' id='block_1_6' title="bbox 201 1557 224 1600">
    <p class='ocr_par' dir='ltr' id='par_1_6' title="bbox 201 1557 224 1600">
     <span class='ocr_line' id='line_1_9' title="bbox 201 1557 224 1600; baseline 0 0"><span class='ocrx_word' id='word_1_34' title='bbox 201 1557 224 1600; x_wconf 93' lang='grc' dir='ltr'>Ι</span> 
     </span>
    </p>
   </div>
   <div class='ocr_carea' id='block_1_7' title="bbox 200 1840 234 1883">
    <p class='ocr_par' dir='ltr' id='par_1_7' title="bbox 200 1840 234 1883">
     <span class='ocr_line' id='line_1_10' title="bbox 200 1840 234 1883; textangle 90"><span class='ocrx_word' id='word_1_35' title='bbox 200 1840 234 1883; x_wconf 63' lang='lat' dir='ltr'>m</span> 
     </span>
    </p>
   </div>
   <div class='ocr_carea' id='block_1_8' title="bbox 197 1982 236 2307">
    <p class='ocr_par' dir='ltr' id='par_1_8' title="bbox 197 1982 236 2307">
     <span class='ocr_line' id='line_1_11' title="bbox 197 1982 236 2307; textangle 90"><span class='ocrx_word' id='word_1_36' title='bbox 198 2263 236 2307; x_wconf 56' lang='grc' dir='ltr'>ᾧ·</span> <span class='ocrx_word' id='word_1_37' title='bbox 197 1982 234 2164; x_wconf 69' lang='grc' dir='ltr'><strong>ω’·Ἰ</strong></span> 
     </span>
    </p>
   </div>
   <div class='ocr_carea' id='block_1_9' title="bbox 197 2405 218 2458">
    <p class='ocr_par' dir='ltr' id='par_1_9' title="bbox 197 2405 218 2458">
     <span class='ocr_line' id='line_1_12' title="bbox 197 2405 218 2458; baseline 0 0"><span class='ocrx_word' id='word_1_38' title='bbox 197 2405 218 2458; x_wconf 92' lang='grc'>[</span> 
     </span>
    </p>
   </div>
   <div class='ocr_carea' id='block_1_10' title="bbox 196 2545 235 2725">
    <p class='ocr_par' dir='ltr' id='par_1_10' title="bbox 196 2545 235 2725">
     <span class='ocr_line' id='line_1_13' title="bbox 196 2545 218 2599; baseline 0 0"><span class='ocrx_word' id='word_1_39' title='bbox 196 2545 218 2599; x_wconf 94' lang='grc'>[</span> 
     </span>
     <span class='ocr_line' id='line_1_14' title="bbox 196 2682 235 2725; baseline 0 0"><span class='ocrx_word' id='word_1_40' title='bbox 196 2682 235 2725; x_wconf 95' lang='lat' dir='ltr'>o</span> 
     </span>
    </p>
   </div>
   <div class='ocr_carea' id='block_1_11' title="bbox 372 1331 1122 1374">
    <p class='ocr_par' dir='ltr' id='par_1_11' title="bbox 372 1331 1122 1374">
     <span class='ocr_line' id='line_1_15' title="bbox 372 1331 1122 1374; baseline 0.001 -1"><span class='ocrx_word' id='word_1_41' title='bbox 372 1331 574 1374; x_wconf 77' lang='lat' dir='ltr'>fundator</span> <span class='ocrx_word' id='word_1_42' title='bbox 593 1332 678 1374; x_wconf 77' lang='lat' dir='ltr'>fuit</span> <span class='ocrx_word' id='word_1_43' title='bbox 699 1332 881 1374; x_wconf 72' lang='lat' dir='ltr'>Sanctus</span> <span class='ocrx_word' id='word_1_44' title='bbox 903 1331 1122 1374; x_wconf 83' lang='lat' dir='ltr'>Columba.</span> 
     </span>
    </p>
   </div>
   <div class='ocr_carea' id='block_1_12' title="bbox 284 1412 1711 1515">
    <p class='ocr_par' dir='ltr' id='par_1_12' title="bbox 284 1412 1711 1515">
     <span class='ocr_line' id='line_1_16' title="bbox 284 1412 1711 1465; baseline -0.001 -9"><span class='ocrx_word' id='word_1_45' title='bbox 284 1412 521 1465; x_wconf 77' lang='lat' dir='ltr'>Ardkaton,</span> <span class='ocrx_word' id='word_1_46' title='bbox 560 1414 607 1456; x_wconf 90' lang='lat' dir='ltr'>in</span> <span class='ocrx_word' id='word_1_47' title='bbox 645 1415 769 1465; x_wconf 86' lang='lat' dir='ltr'>Lorn,</span> <span class='ocrx_word' id='word_1_48' title='bbox 808 1413 967 1456; x_wconf 83' lang='lat' dir='ltr'>ordinis</span> <span class='ocrx_word' id='word_1_49' title='bbox 1011 1414 1150 1457; x_wconf 84' lang='lat' dir='ltr'>Vallis</span> <span class='ocrx_word' id='word_1_50' title='bbox 1200 1413 1412 1457; x_wconf 78' lang='lat' dir='ltr'>caulium.</span> <span class='ocrx_word' id='word_1_51' title='bbox 1490 1413 1711 1456; x_wconf 70' lang='lat' dir='ltr'>Fundabor</span> 
     </span>
     <span class='ocr_line' id='line_1_17' title="bbox 374 1472 846 1515; baseline 0.002 -1"><span class='ocrx_word' id='word_1_52' title='bbox 374 1473 611 1515; x_wconf 84' lang='lat' dir='ltr'>Dunoanus</span> <span class='ocrx_word' id='word_1_53' title='bbox 633 1472 846 1515; x_wconf 80' lang='lat' dir='ltr'>Maokule.</span> 
     </span>
    </p>
   </div>
   <div class='ocr_carea' id='block_1_13' title="bbox 284 1554 1712 1668">
    <p class='ocr_par' dir='ltr' id='par_1_13' title="bbox 284 1554 1712 1668">
     <span class='ocr_line' id='line_1_18' title="bbox 284 1554 1712 1610; baseline -0.001 -12"><span class='ocrx_word' id='word_1_54' title='bbox 284 1555 392 1605; x_wconf 88' lang='lat' dir='ltr'><strong>Saw,</strong></span> <span class='ocrx_word' id='word_1_55' title='bbox 422 1555 470 1596; x_wconf 90' lang='lat' dir='ltr'>in</span> <span class='ocrx_word' id='word_1_56' title='bbox 504 1554 702 1610; x_wconf 75' lang='lat' dir='ltr'>Kyntire,</span> <span class='ocrx_word' id='word_1_57' title='bbox 742 1554 1026 1598; x_wconf 74' lang='lat' dir='ltr'>Cisternensis</span> <span class='ocrx_word' id='word_1_58' title='bbox 1066 1554 1236 1597; x_wconf 83' lang='lat' dir='ltr'>ordinis.</span> <span class='ocrx_word' id='word_1_59' title='bbox 1295 1554 1515 1597; x_wconf 86' lang='lat' dir='ltr'>Fundator</span> <span class='ocrx_word' id='word_1_60' title='bbox 1554 1554 1712 1597; x_wconf 87' lang='lat' dir='ltr'>Sowrle</span> 
     </span>
     <span class='ocr_line' id='line_1_19' title="bbox 373 1612 651 1668; baseline 0 -14"><span class='ocrx_word' id='word_1_61' title='bbox 373 1612 651 1668; x_wconf 86' lang='lat' dir='ltr'>M‘Lewordy.</span> 
     </span>
    </p>
   </div>
   <div class='ocr_carea' id='block_1_14' title="bbox 284 1696 1711 1810">
    <p class='ocr_par' dir='ltr' id='par_1_14' title="bbox 284 1696 1711 1810">
     <span class='ocr_line' id='line_1_20' title="bbox 284 1696 1711 1747; baseline -0.001 -8"><span class='ocrx_word' id='word_1_62' title='bbox 284 1696 487 1739; x_wconf 86' lang='lat' dir='ltr'>Candidae</span> <span class='ocrx_word' id='word_1_63' title='bbox 508 1697 636 1747; x_wconf 84' lang='lat' dir='ltr'>Gasae,</span> <span class='ocrx_word' id='word_1_64' title='bbox 653 1696 700 1738; x_wconf 91' lang='lat' dir='ltr'>in</span> <span class='ocrx_word' id='word_1_65' title='bbox 721 1696 942 1747; x_wconf 86' lang='lat' dir='ltr'>Galwidia‚</span> <span class='ocrx_word' id='word_1_66' title='bbox 958 1696 1365 1738; x_wconf 69' lang='lat' dir='ltr'>Praemonstribensis</span> <span class='ocrx_word' id='word_1_67' title='bbox 1385 1696 1557 1739; x_wconf 85' lang='lat' dir='ltr'>ordinis.</span> <span class='ocrx_word' id='word_1_68' title='bbox 1599 1696 1635 1738; x_wconf 92' lang='lat' dir='ltr'><strong>F</strong></span> <span class='ocrx_word' id='word_1_69' title='bbox 1639 1710 1711 1738; x_wconf 87' lang='lat' dir='ltr'>un-</span> 
     </span>
     <span class='ocr_line' id='line_1_21' title="bbox 375 1754 1454 1810; baseline 0 -14"><span class='ocrx_word' id='word_1_70' title='bbox 375 1754 496 1797; x_wconf 80' lang='lat' dir='ltr'>dator</span> <span class='ocrx_word' id='word_1_71' title='bbox 515 1754 696 1810; x_wconf 84' lang='lat' dir='ltr'>Ferguss</span> <span class='ocrx_word' id='word_1_72' title='bbox 716 1754 768 1797; x_wconf 90' lang='lat' dir='ltr'>de</span> <span class='ocrx_word' id='word_1_73' title='bbox 790 1754 1012 1805; x_wconf 83' lang='lat' dir='ltr'>Galwidia,</span> <span class='ocrx_word' id='word_1_74' title='bbox 1032 1754 1230 1797; x_wconf 83' lang='lat' dir='ltr'>dominus</span> <span class='ocrx_word' id='word_1_75' title='bbox 1251 1754 1454 1810; x_wconf 86' lang='lat' dir='ltr'>ejusdem.</span> 
     </span>
    </p>
   </div>
   <div class='ocr_carea' id='block_1_15' title="bbox 286 1837 1712 1938">
    <p class='ocr_par' dir='ltr' id='par_1_15' title="bbox 286 1837 1712 1938">
     <span class='ocr_line' id='line_1_22' title="bbox 286 1837 1712 1889; baseline -0.001 -9"><span class='ocrx_word' id='word_1_76' title='bbox 286 1837 479 1889; x_wconf 78' lang='lat' dir='ltr'>Glenlus,</span> <span class='ocrx_word' id='word_1_77' title='bbox 502 1837 550 1879; x_wconf 90' lang='lat' dir='ltr'>in</span> <span class='ocrx_word' id='word_1_78' title='bbox 577 1837 800 1889; x_wconf 71' lang='lat' dir='ltr'>Galwiffla,</span> <span class='ocrx_word' id='word_1_79' title='bbox 831 1837 1115 1880; x_wconf 76' lang='lat' dir='ltr'>Cisternensis</span> <span class='ocrx_word' id='word_1_80' title='bbox 1144 1837 1317 1881; x_wconf 84' lang='lat' dir='ltr'>ordinis.</span> <span class='ocrx_word' id='word_1_81' title='bbox 1378 1837 1598 1879; x_wconf 75' lang='lat' dir='ltr'>Fundator</span> <span class='ocrx_word' id='word_1_82' title='bbox 1627 1837 1712 1879; x_wconf 88' lang='lat' dir='ltr'>Ro-</span> 
     </span>
     <span class='ocr_line' id='line_1_23' title="bbox 372 1895 850 1938; baseline 0.002 -1"><span class='ocrx_word' id='word_1_83' title='bbox 372 1895 527 1938; x_wconf 88' lang='lat' dir='ltr'>landus</span> <span class='ocrx_word' id='word_1_84' title='bbox 546 1895 662 1937; x_wconf 82' lang='lat' dir='ltr'>filius</span> <span class='ocrx_word' id='word_1_85' title='bbox 683 1895 850 1938; x_wconf 78' lang='lat' dir='ltr'>Ochtre.</span> 
     </span>
    </p>
   </div>
   <div class='ocr_carea' id='block_1_16' title="bbox 289 1977 1710 2093">
    <p class='ocr_par' dir='ltr' id='par_1_16' title="bbox 289 1977 1710 2093">
     <span class='ocr_line' id='line_1_24' title="bbox 289 1977 1710 2030; baseline -0.001 -9"><span class='ocrx_word' id='word_1_86' title='bbox 289 1979 417 2022; x_wconf 85' lang='lat' dir='ltr'>Sedes</span> <span class='ocrx_word' id='word_1_87' title='bbox 437 1979 703 2029; x_wconf 83' lang='lat' dir='ltr'>Animarum,</span> <span class='ocrx_word' id='word_1_88' title='bbox 718 1978 766 2019; x_wconf 86' lang='lat' dir='ltr'>in</span> <span class='ocrx_word' id='word_1_89' title='bbox 786 1977 1009 2030; x_wconf 82' lang='lat' dir='ltr'>Galwidia,</span> <span class='ocrx_word' id='word_1_90' title='bbox 1021 1978 1442 2021; x_wconf 70' lang='lat' dir='ltr'>Praemonshri’nensis.</span> <span class='ocrx_word' id='word_1_91' title='bbox 1491 1977 1710 2020; x_wconf 66' lang='lat' dir='ltr'>Fundaizor</span> 
     </span>
     <span class='ocr_line' id='line_1_25' title="bbox 373 2037 722 2093; baseline -0.003 -14"><span class='ocrx_word' id='word_1_92' title='bbox 373 2037 464 2093; x_wconf 87' lang='lat' dir='ltr'>ejus</span> <span class='ocrx_word' id='word_1_93' title='bbox 484 2037 722 2092; x_wconf 84' lang='lat' dir='ltr'>Fergusius.</span> 
     </span>
    </p>
   </div>
   <div class='ocr_carea' id='block_1_17' title="bbox 284 2118 1708 2232">
    <p class='ocr_par' dir='ltr' id='par_1_17' title="bbox 284 2118 1708 2232">
     <span class='ocr_line' id='line_1_26' title="bbox 284 2118 1708 2169; baseline -0.001 -7"><span class='ocrx_word' id='word_1_94' title='bbox 284 2120 393 2162; x_wconf 89' lang='lat' dir='ltr'>New</span> <span class='ocrx_word' id='word_1_95' title='bbox 427 2119 564 2169; x_wconf 85' lang='lat' dir='ltr'><strong>Abba,</strong></span> <span class='ocrx_word' id='word_1_96' title='bbox 592 2118 873 2168; x_wconf 86' lang='lat' dir='ltr'>Duloioordis,</span> <span class='ocrx_word' id='word_1_97' title='bbox 904 2118 951 2160; x_wconf 91' lang='lat' dir='ltr'>in</span> <span class='ocrx_word' id='word_1_98' title='bbox 983 2118 1205 2169; x_wconf 82' lang='lat' dir='ltr'>Galwidia,</span> <span class='ocrx_word' id='word_1_99' title='bbox 1236 2118 1531 2161; x_wconf 74' lang='lat' dir='ltr'>Cisternensis.</span> <span class='ocrx_word' id='word_1_100' title='bbox 1593 2119 1628 2161; x_wconf 85' lang='lat' dir='ltr'><strong>F</strong></span> <span class='ocrx_word' id='word_1_101' title='bbox 1629 2133 1708 2161; x_wconf 91' lang='lat' dir='ltr'>un-</span> 
     </span>
     <span class='ocr_line' id='line_1_27' title="bbox 373 2176 1381 2232; baseline 0 -13"><span class='ocrx_word' id='word_1_102' title='bbox 373 2177 496 2220; x_wconf 87' lang='lat' dir='ltr'>dator</span> <span class='ocrx_word' id='word_1_103' title='bbox 513 2177 807 2232; x_wconf 73' lang='lat' dir='ltr'>Doworgilda,</span> <span class='ocrx_word' id='word_1_104' title='bbox 828 2176 918 2218; x_wconf 87' lang='lat' dir='ltr'>filia</span> <span class='ocrx_word' id='word_1_105' title='bbox 936 2176 1066 2218; x_wconf 87' lang='lat' dir='ltr'>Alani</span> <span class='ocrx_word' id='word_1_106' title='bbox 1085 2176 1138 2219; x_wconf 86' lang='lat' dir='ltr'>de</span> <span class='ocrx_word' id='word_1_107' title='bbox 1160 2176 1381 2219; x_wconf 73' lang='lat' dir='ltr'>Galwidia.</span> 
     </span>
    </p>
   </div>
   <div class='ocr_carea' id='block_1_18' title="bbox 285 2259 1707 2374">
    <p class='ocr_par' dir='ltr' id='par_1_18' title="bbox 285 2259 1707 2374">
     <span class='ocr_line' id='line_1_28' title="bbox 285 2259 1707 2316; baseline 0.001 -14"><span class='ocrx_word' id='word_1_108' title='bbox 285 2260 564 2310; x_wconf 86' lang='lat' dir='ltr'>Dundranan,</span> <span class='ocrx_word' id='word_1_109' title='bbox 584 2260 631 2301; x_wconf 87' lang='lat' dir='ltr'>in</span> <span class='ocrx_word' id='word_1_110' title='bbox 652 2259 874 2310; x_wconf 83' lang='lat' dir='ltr'>Galwidia,</span> <span class='ocrx_word' id='word_1_111' title='bbox 896 2259 1192 2302; x_wconf 76' lang='lat' dir='ltr'>Cisternensis.</span> <span class='ocrx_word' id='word_1_112' title='bbox 1242 2259 1461 2302; x_wconf 73' lang='lat' dir='ltr'>Fundator</span> <span class='ocrx_word' id='word_1_113' title='bbox 1479 2260 1707 2316; x_wconf 84' lang='lat' dir='ltr'>Fergusius</span> 
     </span>
     <span class='ocr_line' id='line_1_29' title="bbox 374 2317 960 2374; baseline -0.002 -14"><span class='ocrx_word' id='word_1_114' title='bbox 374 2318 488 2374; x_wconf 83' lang='lat' dir='ltr'>[aliis</span> <span class='ocrx_word' id='word_1_115' title='bbox 509 2318 602 2360; x_wconf 86' lang='lat' dir='ltr'>Rex</span> <span class='ocrx_word' id='word_1_116' title='bbox 620 2317 776 2368; x_wconf 79' lang='lat' dir='ltr'>David,</span> <span class='ocrx_word' id='word_1_117' title='bbox 800 2317 960 2373; x_wconf 84' lang='lat'>1141.]1</span> 
     </span>
    </p>
   </div>
   <div class='ocr_carea' id='block_1_19' title="bbox 285 2399 1707 2515">
    <p class='ocr_par' dir='ltr' id='par_1_19' title="bbox 285 2399 1707 2515">
     <span class='ocr_line' id='line_1_30' title="bbox 285 2399 1707 2501; baseline 0.001 -58"><span class='ocrx_word' id='word_1_118' title='bbox 285 2400 522 2501; x_wconf 53' lang='lat' dir='ltr'>Ttmfiland</span> <span class='ocrx_word' id='word_1_119' title='bbox 537 2400 583 2441; x_wconf 91' lang='lat' dir='ltr'>in</span> <span class='ocrx_word' id='word_1_120' title='bbox 599 2399 820 2451; x_wconf 85' lang='lat' dir='ltr'>Galwidia,</span> <span class='ocrx_word' id='word_1_121' title='bbox 835 2400 1256 2443; x_wconf 73' lang='lat' dir='ltr'>Praemonstribensis.</span> <span class='ocrx_word' id='word_1_122' title='bbox 1306 2400 1526 2443; x_wconf 77' lang='lat' dir='ltr'>Fundator</span> <span class='ocrx_word' id='word_1_123' title='bbox 1539 2401 1707 2444; x_wconf 87' lang='lat' dir='ltr'>Alanus</span> 
     </span>
     <span class='ocr_line' id='line_1_31' title="bbox 414 2472 525 2515; baseline -0.036 -14"><span class='ocrx_word' id='word_1_124' title='bbox 414 2472 525 2515; x_wconf 85' lang='lat' dir='ltr'>yger.</span> 
     </span>
    </p>
   </div>
   <div class='ocr_carea' id='block_1_20' title="bbox 286 2540 1707 2592">
    <p class='ocr_par' dir='ltr' id='par_1_20' title="bbox 286 2540 1707 2592">
     <span class='ocr_line' id='line_1_32' title="bbox 286 2540 1707 2592; baseline -0.001 -6"><span class='ocrx_word' id='word_1_125' title='bbox 286 2542 404 2586; x_wconf 83' lang='lat' dir='ltr'>Sacri</span> <span class='ocrx_word' id='word_1_126' title='bbox 438 2540 647 2592; x_wconf 85' lang='lat' dir='ltr'>Nemoris‚</span> <span class='ocrx_word' id='word_1_127' title='bbox 676 2541 723 2582; x_wconf 93' lang='lat' dir='ltr'>in</span> <span class='ocrx_word' id='word_1_128' title='bbox 758 2540 979 2592; x_wconf 71' lang='lat' dir='ltr'>Galwiffia,</span> <span class='ocrx_word' id='word_1_129' title='bbox 1008 2541 1428 2584; x_wconf 75' lang='lat' dir='ltr'>Praemonstritensis.</span> <span class='ocrx_word' id='word_1_130' title='bbox 1488 2542 1524 2584; x_wconf 89' lang='lat' dir='ltr'><strong>F</strong></span> <span class='ocrx_word' id='word_1_131' title='bbox 1525 2542 1707 2585; x_wconf 75' lang='lat' dir='ltr'>undator</span> 
     </span>
    </p>
   </div>
   <div class='ocr_carea' id='block_1_21' title="bbox 285 2681 1705 2783">
    <p class='ocr_par' dir='ltr' id='par_1_21' title="bbox 285 2681 1705 2783">
     <span class='ocr_line' id='line_1_33' title="bbox 285 2681 1705 2737; baseline -0.001 -12"><span class='ocrx_word' id='word_1_132' title='bbox 285 2681 555 2737; x_wconf 84' lang='lat' dir='ltr'>Corsragwel,</span> <span class='ocrx_word' id='word_1_133' title='bbox 584 2682 631 2723; x_wconf 90' lang='lat' dir='ltr'>in</span> <span class='ocrx_word' id='word_1_134' title='bbox 662 2681 823 2732; x_wconf 82' lang='lat' dir='ltr'>Carrik,</span> <span class='ocrx_word' id='word_1_135' title='bbox 853 2681 1155 2725; x_wconf 67' lang='lat' dir='ltr'>cluniacensis.</span> <span class='ocrx_word' id='word_1_136' title='bbox 1214 2682 1250 2724; x_wconf 85' lang='lat' dir='ltr'><strong>F</strong></span> <span class='ocrx_word' id='word_1_137' title='bbox 1251 2681 1434 2725; x_wconf 75' lang='lat' dir='ltr'>undator</span> <span class='ocrx_word' id='word_1_138' title='bbox 1467 2682 1705 2725; x_wconf 85' lang='lat' dir='ltr'>Dunoanus</span> 
     </span>
     <span class='ocr_line' id='line_1_34' title="bbox 372 2739 768 2783; baseline -0.005 0"><span class='ocrx_word' id='word_1_139' title='bbox 372 2754 512 2783; x_wconf 85' lang='lat' dir='ltr'>eomes</span> <span class='ocrx_word' id='word_1_140' title='bbox 533 2740 585 2782; x_wconf 88' lang='lat' dir='ltr'>de</span> <span class='ocrx_word' id='word_1_141' title='bbox 607 2739 768 2783; x_wconf 85' lang='lat' dir='ltr'>Oarrik.</span> 
     </span>
    </p>
   </div>
   <div class='ocr_carea' id='block_1_22' title="bbox 195 2830 1703 2888">
    <p class='ocr_par' dir='ltr' id='par_1_22' title="bbox 195 2830 1703 2888">
     <span class='ocr_line' id='line_1_35' title="bbox 195 2830 1703 2888; baseline -0.001 -14"><span class='ocrx_word' id='word_1_142' title='bbox 195 2834 213 2887; x_wconf 84' lang='lat'>(</span> <span class='ocrx_word' id='word_1_143' title='bbox 281 2832 577 2888; x_wconf 87' lang='lat' dir='ltr'>Kylwynnyn,</span> <span class='ocrx_word' id='word_1_144' title='bbox 592 2831 640 2874; x_wconf 88' lang='lat' dir='ltr'>in</span> <span class='ocrx_word' id='word_1_145' title='bbox 660 2830 952 2887; x_wconf 84' lang='lat' dir='ltr'>Gonyngham‚</span> <span class='ocrx_word' id='word_1_146' title='bbox 971 2830 1224 2875; x_wconf 84' lang='lat' dir='ltr'>Tironensis.</span> <span class='ocrx_word' id='word_1_147' title='bbox 1273 2831 1494 2875; x_wconf 74' lang='lat' dir='ltr'>Fundator</span> <span class='ocrx_word' id='word_1_148' title='bbox 1510 2830 1703 2873; x_wconf 84' lang='lat' dir='ltr'>Morvile.</span> 
     </span>
    </p>
   </div>
   <div class='ocr_carea' id='block_1_23' title="bbox 244 2996 1702 3034">
    <p class='ocr_par' dir='ltr' id='par_1_23' title="bbox 244 2996 1702 3034">
     <span class='ocr_line' id='line_1_36' title="bbox 244 2996 1702 3034; baseline -0.002 -1"><span class='ocrx_word' id='word_1_149' title='bbox 244 2999 255 3019; x_wconf 88' lang='lat'>¹</span> <span class='ocrx_word' id='word_1_150' title='bbox 279 2999 407 3033; x_wconf 73' lang='lat' dir='ltr'>Words</span> <span class='ocrx_word' id='word_1_151' title='bbox 424 2998 549 3034; x_wconf 76' lang='lat' dir='ltr'>within</span> <span class='ocrx_word' id='word_1_152' title='bbox 566 2998 731 3033; x_wconf 64' lang='lat' dir='ltr'>brackets</span> <span class='ocrx_word' id='word_1_153' title='bbox 746 2998 837 3031; x_wconf 74' lang='lat' dir='ltr'>have</span> <span class='ocrx_word' id='word_1_154' title='bbox 854 2998 941 3032; x_wconf 85' lang='lat' dir='ltr'>been</span> <span class='ocrx_word' id='word_1_155' title='bbox 957 2997 1115 3031; x_wconf 69' lang='lat' dir='ltr'>inserted</span> <span class='ocrx_word' id='word_1_156' title='bbox 1131 2997 1207 3031; x_wconf 74' lang='lat' dir='ltr'>into</span> <span class='ocrx_word' id='word_1_157' title='bbox 1223 2997 1286 3031; x_wconf 74' lang='lat' dir='ltr'>the</span> <span class='ocrx_word' id='word_1_158' title='bbox 1302 2999 1382 3031; x_wconf 71' lang='lat' dir='ltr'>text</span> <span class='ocrx_word' id='word_1_159' title='bbox 1398 2997 1435 3030; x_wconf 88' lang='lat' dir='ltr'>in</span> <span class='ocrx_word' id='word_1_160' title='bbox 1453 3008 1474 3030; x_wconf 83' lang='lat' dir='ltr'><strong>a</strong></span> <span class='ocrx_word' id='word_1_161' title='bbox 1488 2997 1580 3031; x_wconf 73' lang='lat' dir='ltr'>later</span> <span class='ocrx_word' id='word_1_162' title='bbox 1595 2996 1702 3030; x_wconf 80' lang='lat' dir='ltr'>hand.</span> 
     </span>
    </p>
   </div>
  </div>
 </body>
</html>
