1982 3360
357 313 375 351 1
387 313 438 351 12
852 320 978 352 LIBER
998 320 1354 353 PLUSCARDENSIS.

353 426 463 482 regis
483 439 537 468 ex
547 426 798 482 improviso,
817 424 997 467 latibulo
1026 424 1163 466 noctis
1182 424 1300 466 tibiis
1329 425 1639 468 anterioribus
1626 440 1673 469 10
1703 425 1853 469 sabulo

353 483 581 535 infossatis,
601 483 830 535 titubavit3
858 485 903 524 et
931 481 1165 524 calcaribus
1184 485 1353 524 coactus
1372 481 1557 525 relevare
1584 484 1855 535 contendens,

354 541 493 584 arcius
522 541 721 591 cadendo,
750 553 891 595 regem
920 539 1001 581 sub
1035 552 1080 581 se
1109 539 1342 595 oppressit,
1370 542 1424 590 et,
1444 543 1615 595 propter
1641 541 1854 585 defectum

352 598 476 641 bonae
490 598 693 641 custodiae
709 600 753 640 et
767 596 1103 639 conservacionis
1119 610 1291 639 suorum
1306 597 1697 650 concomitancium,
1710 599 1856 641 fractis

352 656 601 706 cervicibus,
616 654 840 710 expiravit,
860 658 904 697 et
923 654 1037 709 apud
1052 654 1369 710 Dunfermlyng
1382 658 1482 697 ante
1494 668 1697 710 magnum
1708 656 1855 699 altare¹

354 713 594 756 tumulatus
627 712 863 768 requiescit.
922 712 1016 755 Rex
1045 712 1127 755 iste
1156 712 1458 763 nobilissimus,
1484 713 1606 768 cujus
1635 713 1856 756 subitanea

354 784 467 813 mors
487 773 530 812 et
549 770 736 826 perdicio
764 774 855 812 tam
874 769 1076 820 dolorosa,
1095 774 1184 812 tam
1213 769 1445 820 lacrimosa,
1465 773 1555 813 tam
1574 770 1746 814 ruinosa
1774 770 1858 813 fuit

355 828 490 870 nobili
516 841 644 883 regno
674 828 841 879 Scociae,
863 827 978 883 quod
1005 841 1152 870 omnes
1181 827 1342 878 incolae,
1362 828 1486 883 quasi
1515 828 1568 870 de
1596 831 1756 871 rectore
1785 827 1858 870 de-

355 885 525 941 sperati,
541 899 713 928 sensum
733 889 777 928 et
795 885 1062 928 intellectum
1081 885 1367 941 perdiderunt.
1429 885 1512 928 Sed
1524 885 1596 928 ne²
1609 886 1706 941 quis
1718 886 1857 928 bonus

355 942 607 986 catholicus⁸
634 943 687 986 de
706 943 843 986 salute
862 943 1016 985 animae
1030 957 1105 999 pro
1126 943 1336 986 subietate
1355 944 1504 986 mortis
1523 944 1633 999 regis
1653 944 1859 999 desperet,

356 1001 431 1043 sed
461 1014 579 1056 spem
611 1001 763 1044 salutis
791 1004 959 1043 aeternae
986 1000 1165 1053 habeat;
1194 1001 1356 1043 dictum
1377 1005 1619 1044 sanctorum
1638 1001 1859 1044 doctorum

355 1057 554 1114 sequens⁴
582 1058 630 1101 in
655 1062 798 1102 mente
827 1058 1065 1114 concipiet.⁵
1122 1059 1235 1101 Nam
1262 1059 1406 1114 opinio
1436 1059 1678 1114 sapientum
1709 1062 1784 1110 est,
1815 1062 1858 1101 et

355 1130 467 1172 saepe
485 1117 627 1159 visum
642 1121 708 1160 est
722 1120 765 1160 et
783 1116 1020 1159 revelatum
1040 1116 1187 1159 multis
1201 1116 1479 1159 sanctissimis
1494 1117 1609 1168 viris,
1624 1117 1750 1172 quod,
1761 1120 1859 1172 post

355 1178 536 1217 mortem
564 1174 751 1217 subitam
770 1178 814 1217 et
841 1174 1127 1229 improvisam,
1146 1178 1196 1216 ut
1215 1174 1460 1217 homi-nibus
1480 1174 1535 1217 ad
1554 1174 1765 1230 exempla⁶
1783 1187 1858 1229 ap-

355 1236 487 1288 paret,
507 1232 622 1275 salus
646 1232 800 1274 animae
828 1235 983 1275 aeterna
1003 1235 1227 1275 consecuta
1255 1236 1348 1285 est;
1376 1246 1477 1275 nam
1505 1232 1581 1287 qui
1609 1232 1717 1275 bene
1746 1231 1857 1274 vivit

355 1304 444 1332 non
472 1293 613 1346 potest
631 1290 743 1333 male
771 1290 890 1341 mori,
916 1303 994 1332 000
1023 1290 1303 1333 communiter
1331 1293 1511 1341 econtra,
1537 1293 1586 1332 ut
1619 1294 1738 1346 patet
1765 1289 1856 1346 per⁷

355 1351 491 1391 metra
510 1347 760 1403 sequencia:
762 1373 820 1379 —

527 1422 646 1464 Mors
661 1421 808 1477 justis⁸
826 1421 979 1473 subita,
998 1435 1128 1477 quam
1146 1421 1363 1477 praecessit
1381 1421 1493 1464 bona
1510 1421 1613 1473 vita,

526 1479 628 1522 Non
646 1479 806 1522 minuit
824 1479 988 1530 merita,
1007 1479 1202 1534 quamvis
1222 1479 1403 1522 decessit
1421 1479 1493 1522 ita.

355 1554 567 1610 Regnavit
592 1567 666 1596 rex
697 1554 780 1596 iste
813 1553 967 1595 xxxvii
998 1552 1134 1603 annis,
1168 1556 1212 1595 et
1241 1552 1367 1595 valde
1401 1553 1568 1606 nobilis,
1583 1553 1858 1609 justiciarius,

353 1626 474 1713 ἓξὲξ
483 1612 681 1668 prudens,
701 1614 745 1654 et
763 1611 974 1667 benignus
1003 1614 1105 1662 erat,
1125 1610 1309 1654 clemens
1330 1614 1374 1653 et
1400 1610 1649 1663 misericors,
1669 1615 1712 1655 et
1730 1626 1858 1668 regno

459 1783 676 1840 §equitur
695 1783 744 1829 ht
763 1783 892 1829 1101110
910 1784 1102 1831 mutibus
1121 1785 1162 1829 et
1181 1783 1398 1840 tegimine
1415 1784 1601 1841 cjnzlmn
1619 1784 1744 1841 regia.

1006 1850 1056 1896 Εἰ.
1078 1850 1227 1896 xxxiii.

354 1926 467 1990 §EN
485 1942 635 1999 primis
665 1942 862 1985 omnibus
892 1942 1041 1985 diebus
1069 1942 1172 1985 vitae
1201 1941 1306 1985 dicti
1339 1942 1461 1998 regis,
1491 1941 1667 1986 eeclesia
1696 1942 1857 1986 Christi

355 2000 565 2043 catholica
603 2014 768 2043 summe
807 2000 994 2043 exaltata
1027 2000 1170 2042 floruit
1216 2000 1264 2042 in
1311 2013 1438 2056 regno
1478 2000 1645 2051 Scociae‚
1682 2001 1858 2056 Justicia

354 2059 559 2115 regnavit,
578 2058 739 2101 vicium
765 2058 888 2109 aruit,
907 2058 1045 2100 virtus
1069 2058 1213 2108 crevit,
1232 2057 1405 2113 polissia
1424 2058 1470 2100 in
1490 2061 1659 2100 tantum
1679 2058 1858 2101 inolevit

354 2122 406 2159 ut
424 2116 679 2172 prosperitas
698 2115 816 2171 pacis
847 2119 891 2158 et
921 2116 1127 2158 bonorum
1147 2115 1454 2167 habundancia,
1482 2116 1675 2171 pecuniae
1697 2116 1856 2159 confiu-

354 2174 477 2216 encia
492 2178 535 2217 et
546 2172 782 2217 sterilitas1⁰
796 2173 965 2229 copiosa
980 2173 1096 2215 omni
1117 2186 1194 2215 suo
1208 2177 1397 2228 tempore
1416 2173 1618 2229 vigebant
1632 2173 1679 2215 in
1699 2173 1855 2217 Scocia.

355 2232 481 2283 Item,
508 2246 583 2275 rex
613 2231 730 2274 omni
748 2231 907 2274 virtute
937 2230 1180 2287 insignitus
1207 2230 1262 2273 ab
1291 2231 1487 2274 omnibus
1513 2231 1636 2274 bonis
1664 2231 1857 2282 dilectus,

355 2303 508 2332 exosus
538 2303 564 2332 a
591 2289 726 2332 malis.
785 2289 873 2331 Rex
900 2288 1016 2332 enim
1048 2302 1074 2330 a
1101 2289 1210 2331 bene
1244 2290 1413 2343 regendo
1444 2288 1622 2341 dicitur;
1651 2289 1753 2343 quia
1779 2289 1855 2331 ubi

355 2360 443 2388 non
462 2350 527 2389 est
546 2346 628 2398 lex,
647 2347 708 2389 ibi
727 2360 815 2389 non
834 2350 900 2389 est
918 2361 1002 2389 rex.
1061 2347 1152 2389 Rex
1173 2359 1272 2388 vero
1301 2346 1375 2388 1110
1393 2360 1522 2401 penes
1542 2346 1736 2388 inimicos
1756 2359 1855 2389 suos

355 2404 500 2446 taliter
529 2418 575 2447 se
608 2404 770 2456 habuit,
809 2408 859 2446 ut
897 2404 1080 2446 eundem
1118 2404 1268 2446 timore
1306 2404 1493 2446 maximo
1531 2403 1778 2454 timuerunt,
1812 2408 1857 2446 et

356 2475 496 2503 amore
517 2462 691 2504 cordiali
710 2462 976 2515 dilexerunt3
995 2465 1038 2504 et
1057 2462 1104 2503 in
1122 2462 1260 2517 patria
1280 2475 1357 2504 sua
1370 2462 1534 2503 firmam
1545 2460 1855 2516 pacem,1egem

359 2518 436 2574 [et]
458 2520 780 2574 prosperitatem
799 2520 1045 2562 continuam
1062 2519 1225 2570 habuit,
1244 2519 1306 2561 ita
1325 2519 1438 2574 quod
1457 2518 1677 2573 regnicolae
1697 2519 1789 2573 ejus
1809 2519 1855 2560 in

355 2577 645 2632 pulcritudine
682 2577 800 2631 pacis
839 2577 1054 2627 sedebant,
1097 2577 1144 2618 in
1191 2576 1475 2619 tabernaculis
1514 2575 1679 2618 fiduciae
1727 2579 1770 2618 et
1808 2577 1855 2618 in

354 2634 500 2690 requie
519 2633 744 2688 opulenta3
773 2647 821 2676 ac
836 2647 1005 2676 omnem
1023 2634 1310 2685 insolenciam,
1330 2633 1600 2682 cedicionem‚
1619 2633 1855 2675 tumultum
1911 2650 1914 2655 ·

356 2695 399 2734 et
436 2691 708 2734 rebellionem
741 2691 789 2733 in
826 2705 952 2747 regno
991 2705 1068 2734 suo
1106 2691 1302 2734 extinxit.
1362 2691 1458 2733 Hoc
1496 2690 1611 2733 enim
1649 2691 1702 2733 de
1739 2704 1855 2734 more

417 2822 430 2845 ¹
448 2823 486 2857 C.
504 2823 545 2857 E.
563 2824 643 2856 omit
658 2825 740 2856 ante
753 2833 918 2867 magnum
936 2823 1056 2856 altare.
1420 2821 1435 2845 ²
1451 2823 1488 2857 O.
1507 2823 1546 2856 E.
1566 2827 1617 2858 ut.

417 2869 432 2892 ³
449 2870 487 2903 O.
507 2870 547 2904 E.
562 2869 763 2904 incholitus.
892 2868 907 2890 4
923 2870 959 2903 C.
978 2870 1020 2904 D.
1038 2869 1078 2903 E.
1096 2871 1310 2913 sequentem.
1422 2869 1437 2892 ⁶
1453 2871 1491 2903 O.
1510 2870 1549 2903 E.
1569 2870 1754 2915 concipiat.

415 2916 430 2939 ⁶
446 2917 486 2951 O.
504 2917 546 2950 D.
566 2917 604 2951 Ε.
618 2919 728 2951 extra.
895 2915 910 2940 7
926 2916 962 2950 O.
982 2916 1023 2950 D.
1041 2918 1121 2951 omit
1137 2928 1206 2961 per.
1417 2915 1432 2939 ⁸
1448 2917 1484 2951 C.
1504 2917 1545 2951 D.
1564 2917 1603 2951 E.
1620 2918 1748 2961 justus.

416 2962 432 2986 ⁹
447 2964 564 3008 regine
580 2964 708 2998 altered
723 2963 809 2998 later
824 2967 858 2998 to
874 2963 1053 3008 regimine.
1406 2961 1436 2985 ¹⁰
1452 2963 1490 2998 B.
1505 2964 1543 3000 O.
1557 2964 1599 2999 D.
1618 2965 1658 2999 Ε
1677 2964 1850 2999 fertilitas.
