2008 3360
350 318 372 355 2
382 317 398 355 1
408 318 430 356 6
825 325 950 357 mmm
970 323 1323 355 PLUSCARDENSIS.

345 443 395 472 ac
413 429 657 473 Alexander
675 429 866 480 ultimus,
887 428 1077 483 ejusdem
1095 427 1331 470 Alexandri
1348 426 1473 478 filius,
1493 430 1536 469 et
1554 427 1702 470 incolae
1720 425 1838 482 regni

346 487 503 530 Scociae
531 488 699 543 regibus
718 486 886 542 Angliae
915 486 1164 528 fidelitatem
1193 489 1236 528 et
1264 484 1506 540 homagium
1533 488 1838 540 praesteterunt,

343 544 527 588 fatemur
555 545 680 600 quod,
708 558 784 599 pro
817 543 939 586 terris
968 557 1073 599 quas
1102 543 1214 585 infra
1245 556 1422 598 regnum
1449 542 1614 598 Angliae
1643 542 1695 584 de
1725 543 1838 584 dicto

343 616 440 658 rege
459 602 627 658 Angliae
656 604 886 645 tenuenmt
912 615 1030 657 reges
1060 601 1216 643 Scociae
1244 600 1458 651 antedicti,
1487 599 1730 655 homagium
1757 599 1840 642 sibi

344 660 544 702 fecerunt.
606 660 690 702 Sed
708 673 953 715 nuncquam
972 672 1048 714 pro
1067 672 1194 714 regno
1215 658 1370 700 Scociae
1390 671 1506 713 reges
1526 657 1756 708 Scotorum,
1769 656 1840 699 vel

343 717 494 759 11100100
523 717 713 773 ejusdem
745 718 864 773 regni
891 731 967 772 pro
997 717 1333 772 quibuscumque
1361 716 1484 758 terris
1515 715 1610 758 sitis
1638 714 1687 756 in
1713 727 1839 769 regno

346 775 514 826 Scociae,
534 775 760 830 cujusque1
779 775 869 831 regi
882 774 1120 830 Anglorum
1138 774 1382 829 homagium
1411 773 1600 816 fecerunt
1618 771 1688 815 vel
1706 771 1841 814 fideli-

343 836 502 886 tatem;
532 833 835 887 cui,consonat
857 833 930 888 jus
956 846 1190 882 commune,
1208 835 1259 873 ut
1278 831 1442 873 dictum
1461 834 1532 874 est.
1595 830 1724 872 Hunc
1742 842 1841 872 vero

342 890 611 933 intellectum
644 891 747 933 satis
781 890 1026 946 comprobat
1055 890 1216 932 factum
1248 902 1403 940 recens,
1437 888 1550 944 quod
1584 888 1632 930 in
1664 900 1842 943 persona

343 949 452 1004 regis
481 948 715 991 Alexandri
745 948 889 990 ultimi
917 948 1160 1003 supradicti,
1188 948 1237 989 in
1265 947 1536 990 coronacione
1564 946 1693 1001 hujus
1722 944 1843 1000 regis,

343 1006 579 1049 dinoscitur
607 1007 843 1062 contigisse,
862 1010 988 1062 prout
1016 1006 1062 1047 in
1091 1005 1320 1061 praemissis
1349 1004 1551 1060 praedicta
1569 1003 1842 1059 tangentibus

342 1064 513 1119 plenius
542 1065 791 1107 continetur.
851 1064 935 1106 Sed
964 1077 1054 1114 nec,
1073 1063 1206 1106 eciam
1232 1062 1425 1105 adductis
1454 1075 1530 1117 pro
1559 1075 1655 1117 rege
1674 1060 1843 1116 Angliae

342 1122 469 1164 tactis
498 1122 713 1165 miraculis
741 1122 812 1165 vel
839 1121 1172 1164 revelacionibus
1202 1120 1339 1163 000011
1367 1121 1397 1163 J
1399 1119 1577 1162 ohannis
1607 1119 1660 1161 de
1689 1118 1844 1160 Baver-

342 1179 464 1231 laco,²
502 1180 766 1223 autenticum
791 1179 999 1230 creditur,
1033 1178 1259 1234 quantum³
1296 1178 1526 1233 probentur
1562 1175 1842 1219 revelaciones

342 1238 447 1292 ipsae
481 1237 611 1280 adeo⁴
638 1237 899 1293 processisse,
932 1237 1053 1292 cujus
1091 1236 1287 1292 probacio
1321 1249 1409 1278 non
1440 1238 1505 1278 est
1537 1246 1842 1289 usquequaque

342 1295 481 1338 facilis
501 1296 591 1338 sive
611 1300 736 1346 certa,
755 1309 833 1338 nec
852 1295 900 1336 in
914 1294 1088 1350 judiciis
1108 1296 1317 1336 consueta.
1377 1293 1502 1345 Nam,
1522 1296 1573 1334 ut
1591 1295 1841 1347 praetactum

343 1356 420 1403 est,
435 1353 610 1408 angelus
640 1353 838 1396 Sathanae
867 1366 977 1408 saepe
996 1352 1043 1394 in
1062 1351 1260 1407 angelum
1287 1350 1396 1393 lucis
1417 1364 1461 1393 se
1489 1349 1769 1399 transformat,
1790 1351 1840 1390 ut

342 1410 390 1452 in
410 1410 619 1453 Samuelis
634 1411 773 1466 specie
791 1410 1055 1465 respondisse
1069 1409 1224 1464 legitur
1239 1409 1357 1451 Sauli
1372 1406 1692 1450 Phiconissam.⁵
1749 1406 1842 1448 Nec

343 1472 410 1510 est
429 1468 584 1523 aliqua,
602 1469 672 1511 vel
691 1482 881 1524 unquam
910 1467 1005 1518 fuit,
1033 1467 1081 1509 in
1110 1467 1256 1510 Scocia
1274 1479 1373 1509 vera
1402 1466 1454 1508 de
1482 1463 1727 1520 hujusmodi
1756 1477 1841 1506 ser-

342 1539 468 1568 mone
488 1526 559 1569 vel
592 1526 851 1569 revelacione
877 1525 943 1567 illi
977 1528 1122 1568 sancto
1151 1525 1263 1566 facta
1292 1537 1421 1579 quam
1454 1523 1546 1578 ipse
1574 1535 1649 1565 rex
1676 1521 1840 1576 allegat,

343 1584 485 1626 Litera
517 1597 615 1626 vero
650 1583 813 1626 domini
844 1596 966 1638 papae
1002 1582 1203 1638 Gregorii,
1233 1595 1362 1637 quam
1396 1581 1487 1636 ipse
1521 1580 1686 1635 allegat,
1719 1579 1842 1634 quus

342 1641 749 1697 copiam⁸·habemus
769 1655 824 1684 ex
841 1644 983 1683 vestro
1011 1640 1196 1696 registro,
1215 1653 1291 1695 pro
1319 1639 1412 1694 ipso
1441 1651 1536 1694 rege
1564 1636 1699 1680 nichil
1718 1636 1844 1679 facit:

343 1713 443 1741 cum
472 1699 684 1755 suggestio
715 1699 825 1754 regis
854 1698 1023 1754 Angliae
1053 1698 1100 1739 in
1133 1698 1228 1753 ipsa
1255 1697 1368 1739 facta
1398 1696 1600 1751 importat
1633 1694 1843 1738 condicio-

342 1757 495 1808 nalem,
526 1762 569 1799 et
598 1757 814 1799 concludit
843 1756 914 1807 sic,
944 1756 992 1799 Si
1020 1755 1082 1798 ita
1108 1756 1176 1806 sit,
1207 1755 1287 1798 hoc
1322 1757 1398 1805 est,
1428 1754 1465 1796 si
1490 1765 1633 1809 preces
1661 1752 1842 1795 veritate

342 1815 547 1866 nitantur,
568 1829 599 1857 0.
630 1815 667 1857 01
696 1815 758 1857 110
787 1814 844 1857 011
866 1814 980 1869 quod
1008 1813 1135 1856 homo
1160 1813 1296 1869 legius
1325 1825 1427 1855 suus
1457 1811 1524 1862 sit,
1553 1809 1668 1866 quod
1695 1810 1842 1851 homa-

342 1873 463 1929 gium
501 1876 545 1915 et
582 1873 834 1915 fidelitatem
872 1871 955 1914 sibi
992 1871 1132 1922 faciat,
1171 1884 1202 1913 s.
1241 1869 1331 1926 regi
1367 1869 1547 1924 Angliae.
1612 1866 1697 1910 Sed
1730 1869 1842 1909 certe

342 1944 590 1986 nuncquam
618 1930 744 1973 homo
773 1930 908 1985 legius
938 1930 1030 1985 ejus
1058 1929 1142 1971 fuit
1170 1941 1246 1983 pro
1274 1941 1402 1983 regno
1422 1926 1591 1977 Scociae,
1609 1939 1687 1967 nec
1706 1924 1844 1967 fideli-

343 1992 478 2031 tatem
506 1991 583 2031 aut
611 1987 856 2043 homagium
883 2001 960 2042 pro
987 2000 1114 2042 regno
1142 1985 1298 2028 Scociae
1327 1984 1411 2027 sibi
1443 1984 1545 2026 fecit
1557 1999 1568 2037 ;
1596 1996 1674 2025 nec
1708 1982 1844 2025 eciam

342 2046 426 2088 hoc
445 2046 493 2088 in
521 2046 614 2101 ejus
644 2045 911 2102 suggestione
941 2045 1192 2094 continetur,
1212 2042 1327 2098 quod
1354 2045 1431 2098 pro
1459 2055 1587 2097 regno
1614 2041 1770 2083 Scociae
1790 2039 1844 2082 ad

343 2104 449 2146 talia
478 2104 711 2146 tenebatur.
772 2103 819 2146 Si
847 2102 952 2145 dicit
979 2101 1060 2144 hoc
1095 2100 1354 2156 simpliciter,
1387 2103 1429 2143 et
1458 2113 1534 2142 nos
1563 2097 1843 2154 intelligimus

343 2161 424 2204 hoc
456 2161 690 2204 secundum
718 2160 832 2216 quod
860 2160 1022 2216 patitur
1045 2160 1118 2215 jus
1147 2171 1381 2209 commune,
1410 2161 1471 2209 ut,
1497 2170 1584 2199 non
1611 2169 1688 2212 pro
1716 2168 1843 2211 regno

345 2220 515 2271 Scociae,
535 2219 610 2262 sed
628 2220 770 2261 forsan
797 2232 873 2274 pro
902 2217 1158 2273 quibusdam
1186 2216 1308 2259 terris
1337 2229 1442 2271 quas
1472 2215 1525 2257 ab
1545 2214 1637 2270 ipso
1671 2213 1843 2255 tenebat

344 2277 392 2318 in
411 2291 539 2333 regno
558 2277 739 2332 Angliae,
758 2276 813 2318 ad
840 2276 1044 2332 praedicta
1072 2275 1208 2317 fuerat
1237 2270 1464 2316 astrictus.⁷
1523 2271 1646 2323 Quod
1667 2270 1771 2312 dicit
1789 2269 1843 2311 de

345 2348 456 2377 novo
486 2339 677 2390 tempore
707 2333 843 2376 nichil
877 2333 989 2376 facit.
1062 2332 1290 2375 Notorium
1323 2334 1389 2374 est
1421 2330 1537 2374 enim
1569 2329 1651 2371 toti
1682 2326 1841 2370 mundo

346 2392 460 2446 quod
482 2393 529 2435 vi
557 2397 602 2435 et
629 2396 760 2442 metu,
778 2405 827 2434 ac
857 2404 1069 2434 armorum
1096 2389 1292 2446 potencia
1320 2402 1464 2432 secum
1493 2388 1546 2430 de
1573 2390 1665 2429 tota
1682 2383 1841 2439 Anglia

346 2449 540 2501 adducta,
569 2450 705 2493 eciam
731 2449 886 2492 Valliae
915 2453 959 2492 et
988 2448 1219 2498 Hiberniae,
1248 2460 1347 2489 cum
1375 2446 1510 2489 eciam
1539 2442 1726 2487 subsidio
1755 2455 1842 2483 non

346 2507 513 2549 modico
533 2508 699 2550 comitis
721 2506 973 2558 Sabandiae‚⁸
991 2506 1067 2561 qui
1089 2504 1366 2561 personaliter
1384 2503 1543 2546 ibidem
1562 2501 1656 2551 fuit,
1676 2513 1842 2542 necnon

347 2578 447 2664 ἓξὲξ
464 2569 689 2663 Ἒέῃξέἔῗ
703 2559 1843 2676 {353035232'2⁰§ffisgu33ffl20fflssssfflssssffl

342 2678 562 2734 justiciam
593 2679 827 2733 usurpavit.
888 2678 1070 2729 Deinde,
1108 2677 1313 2733 quicquid
1351 2675 1477 2725 dicat,
1510 2687 1536 2715 a
1573 2672 1760 2728 praelatis
1799 2675 1843 2714 et

347 2736 444 2779 aliis
462 2736 581 2792 regni
600 2736 756 2779 Scociae
780 2735 933 2778 incolis
962 2735 1213 2778 fidelitatem
1241 2737 1285 2777 et
1303 2732 1558 2788 homagium,
1577 2744 1664 2772 non
1683 2731 1843 2785 absque

408 2876 423 2900 ²
439 2878 477 2911 B.
495 2877 709 2920 cuicumque.
867 2874 882 2897 ²
899 2876 937 2909 O.
955 2875 998 2910 D.
1017 2875 1055 2908 E.
1074 2874 1268 2910 Beverlato.
1425 2871 1440 2894 3
1457 2872 1493 2906 Ο.
1512 2872 1552 2906 Ε.
1572 2883 1730 2915 quacum.

346 2961 351 2967 ,
408 2923 423 2946 ⁴²
438 2925 477 2958 B.
495 2925 536 2958 E.
553 2935 575 2958 a
590 2924 673 2958 Deo.
864 2920 880 2945 ⁵
895 2923 934 2957 B.
953 2922 994 2957 E.
1011 2921 1258 2956 Phitonissam.
1423 2918 1439 2941 ⁶
1455 2919 1494 2953 O.
1515 2920 1622 2963 copia.

406 2970 421 2994 ⁷
438 2971 474 3007 C.
492 2972 534 3006 E.
551 2971 771 3006 constrictus.
1423 2964 1438 2988 ⁸
1453 2966 1494 3001 B.
1512 2966 1549 3000 O.
1570 2967 1610 3001 E.
1629 2965 1829 3000 Subaudiae.
