2014 3354
328 287 424 342 §liv
824 299 1042 331 APPEme
1061 298 1114 329 To
1135 297 1334 329 PREFACE.

839 445 1016 487 LIBER
1051 442 1324 494 QUINTUS.

334 536 401 578 De
421 535 552 578 thano
572 536 624 579 de
643 536 738 578 Fife
759 536 949 578 Makduf
974 534 1178 577 suadente
1198 533 1428 575 Malcolmo
1449 533 1630 576 Canmor
1649 533 1834 576 reditum

449 603 541 658 ejus
561 603 615 645 ad
634 616 810 658 regnum
825 618 836 654 ;
865 605 909 644 et
928 601 981 643 de
1000 600 1285 655 temptacione
1305 613 1390 655 qua
1408 599 1635 654 temptavit
1654 598 1781 641 eum.l

1370 664 1623 720 capitulum
1641 664 1835 720 primum.

336 751 537 806 Sequitur
575 751 627 793 de
658 750 787 792 variis
827 748 1035 804 exemplis
1074 762 1150 804 per
1188 748 1469 791 Malcolmum
1508 747 1724 804 expositis,
1762 760 1837 802 per

449 831 577 875 quem
597 816 724 858 multi
743 829 859 872 reges
879 828 1007 871 regna
1026 815 1270 857 amiserunt.
1407 813 1659 868 OEapitulum
1677 812 1725 857 ii.

526 901 607 933 Post
630 899 746 933 fuerat
764 899 929 942 (Fortium,
946 910 980 943 p.
1004 900 1081 941 198,
1098 899 1121 932 1.
1143 899 1199 940 15)
1217 899 1285 932 haec
1301 898 1420 932 addita
1436 903 1511 931 sunt
1523 897 1734 931 s—remedio
1749 896 1838 940 juris

567 955 634 988 sibi
651 958 786 999 negato.

521 1010 606 1044 Post
629 1010 781 1054 aliquem
806 1009 859 1051 (ib.
883 1009 906 1043 1.
935 1009 991 1051 17)
1014 1010 1061 1043 cic
1084 1009 1204 1052 leyitur
1220 1008 1387 1052 :—hujus
1410 1007 1560 1041 nominis
1584 1007 1752 1051 Tarquini
1775 1006 1838 1040 im-

566 1068 764 1109 peratorem
781 1075 885 1108 super
901 1075 938 1098 ΒΘ
954 1066 1191 1108 regnaturum·

336 1138 538 1194 Sequitur
557 1137 609 1179 de
628 1137 900 1192 responsione
921 1136 1109 1179 Makduf
1130 1136 1328 1192 ponentis
1348 1135 1591 1190 exemplum
1612 1134 1837 1178 Octoviani

448 1204 725 1259 imperatoris.
1408 1200 1661 1255 OEapituhtm
1680 1200 1747 1245 iii.

336 1287 537 1343 Sequitur
556 1286 608 1329 de
629 1285 814 1329 secunda
842 1286 1127 1340 temptacione
1155 1285 1344 1327 Makduf
1369 1299 1414 1327 se
1433 1285 1572 1327 furem
1601 1284 1837 1335 asserentis,

450 1357 494 1396 et
513 1353 565 1395 de
585 1352 856 1408 responsione
877 1351 1078 1406 ejusdem.
1406 1350 1660 1405 capitulum
1679 1349 1763 1394 iiii.

335 1435 538 1491 Sequitur
556 1435 687 1478 tercia
706 1434 937 1489 temptacio
958 1433 1147 1476 Makduf
1162 1433 1371 1489 fingentis.

1413 1497 1666 1553 OEapitulum
1684 1504 1719 1543 h.

336 1586 538 1641 Sequitur
572 1583 755 1640 qualiter
788 1583 1043 1625 Malcolmus
1079 1583 1131 1625 de
1164 1596 1240 1625 sua
1274 1581 1480 1625 fidelitate
1514 1583 1696 1625 confisus
1730 1583 1834 1625 allo-

452 1651 608 1706 quitur.
1413 1646 1666 1702 capitulum
1684 1647 1739 1692 ni.

524 1735 607 1767 Pone
631 1733 751 1766 fideles
777 1733 831 1774 (ib.
849 1744 882 1776 p.
902 1733 981 1773 203,
999 1732 1022 1766 l.
1044 1733 1099 1774 19)
1124 1733 1171 1766 sic
1197 1733 1316 1774 leyitur
1339 1733 1387 1765 acl
1401 1732 1511 1775 finem
1534 1732 1677 1774 capituli
1686 1731 1839 1765 .·—omni

570 1788 760 1822 destitutos
776 1788 917 1829 auxilio,
936 1787 1087 1831 reperies
1103 1786 1140 1820 in
1157 1789 1220 1820 tuo
1237 1787 1404 1831 obsequio
1420 1798 1546 1830 pronos
1561 1789 1598 1820 et
1613 1790 1762 1830 paratos.

338 1861 539 1916 Sequitur
570 1860 623 1902 de
653 1872 843 1915 regressu
876 1857 1097 1902 Malcolmi
1127 1858 1174 1900 in
1213 1858 1414 1909 Scociam,
1448 1862 1492 1900 et
1526 1858 1578 1900 de
1608 1857 1720 1900 bello
1753 1872 1838 1913 quo

452 1925 606 1969 cecidit
623 1925 743 1981 regni
762 1924 963 1967 inimicus
983 1923 1258 1967 Machabeda.
1414 1922 1668 1977 OEapitulnnt
1686 1922 1759 1967 nii.

339 2009 541 2065 Sequitur
560 2008 612 2050 de
632 2007 908 2050 excusacione
927 2006 1077 2062 populi
1098 2006 1300 2062 fugientis
1320 2007 1373 2049 de
1392 2007 1514 2049 bello.

1411 2072 1665 2128 OEapitnlum
1683 2073 1775 2119 biii,

339 2158 539 2213 Sequitur
568 2157 621 2200 de
640 2156 904 2200 successione
924 2155 1143 2198 Malcolmi
1173 2155 1220 2197 in
1239 2169 1377 2211 regno,
1398 2160 1442 2198 et
1470 2156 1561 2211 ejus
1581 2171 1723 2213 pugna
1742 2172 1840 2200 cum

454 2224 638 2279 quodam
657 2223 879 2279 proditore.
1412 2221 1666 2277 etapitulnm
1684 2223 1740 2268 ix.

341 2306 543 2362 Sequitur
561 2306 616 2348 ad
635 2306 720 2349 huc
739 2306 793 2348 de
812 2306 960 2348 eodem
979 2305 1202 2360 proditore.
1410 2304 1662 2360 etapitnlum
1681 2320 1718 2350 x.

527 2389 600 2422 Pro
614 2388 753 2422 obsides
763 2393 819 2422 etc.
838 2389 1000 2430 (For-dun,
1013 2400 1047 2432 p.
1066 2389 1146 2429 207,
1159 2388 1182 2422 1.
1201 2390 1260 2429 38)
1277 2389 1324 2422 sic
1341 2389 1461 2431 leyitur
1473 2393 1708 2423 .·—cons0rtes
1723 2391 1842 2422 tamen

573 2444 628 2477 tui
644 2444 680 2476 in
696 2444 763 2477 hac
778 2446 876 2487 parte
891 2444 998 2488 jubeo
1013 2447 1055 2478 ut
1071 2444 1178 2477 michi
1192 2435 1386 2488 detegendo
1401 2444 1579 2478 nominare
1594 2455 1766 2488 procui-ea,
1784 2450 1841 2478 etc.

527 2500 611 2533 Post
626 2500 745 2532 Tertio
763 2499 904 2540 (Bower,
923 2510 957 2543 p.
976 2501 1056 2541 252,
1072 2499 1095 2533 1.
1115 2501 1171 2541 39)
1190 2501 1237 2533 εἰσ
1253 2500 1371 2542 leqz‘cur
1383 2499 1536 2543 :—quod
1551 2500 1664 2533 omnis
1679 2501 1842 2544 prosapia

574 2555 608 2587 in
639 2555 799 2588 futurum
823 2554 1083 2594 descendentes,
1111 2565 1174 2598 pro
1198 2553 1375 2588 subitania
1401 2554 1590 2597 improvisa
1613 2554 1780 2588 occisione
1805 2558 1842 2588 et

574 2620 645 2642 non
668 2621 713 2643 ex
736 2609 986 2653 praecogita[ta]
1013 2608 1151 2643 malicia
1173 2620 1235 2642 seu
1258 2609 1443 2643 inimicicia
1464 2608 1711 2653 praeveniente,
1734 2610 1842 2653 privi-

574 2664 700 2708 legiam
716 2664 803 2708 legis
828 2675 904 2707 quae
921 2663 1052 2697 dicitur
1072 2667 1096 2683 ‘⁴
1106 2663 1180 2697 The
1196 2664 1265 2697 law
1280 2664 1316 2697 of
1336 2664 1397 2697 the
1413 2664 1498 2697 Clau
1515 2664 1698 2705 Makduf,”
1716 2667 1753 2698 et
1768 2676 1839 2698 non

572 2719 659 2764 legis
674 2719 797 2763 rigore,
810 2718 961 2763 gaudere
976 2718 1154 2759 deberent,
1170 2719 1362 2753 secundum
1377 2721 1533 2754 tenorem
1549 2721 1654 2752 cartae
1671 2719 1839 2762 ejusdcm.

343 2792 543 2851 Sequitur
557 2791 608 2833 de
623 2794 757 2833 morte
769 2789 879 2846 regis
894 2789 1130 2845 Anglorum
1145 2790 1352 2833 Edwardi.
1413 2789 1666 2845 etapitulnm
1684 2790 1740 2835 xi.

493 2925 507 2948 ¹
522 2914 615 2959 'Title
631 2925 789 2969 wanting
805 2925 841 2958 in
858 2927 947 2974 text,
965 2926 1033 2959 and
1051 2925 1210 2969 supplied
1226 2925 1314 2959 from
1330 2925 1439 2959 Table
1454 2926 1491 2959 of
1506 2925 1685 2960 Contents.
