1982 3360
694 310 820 342 LIBER
841 309 1065 342 SEPTIMUS.
1552 302 1570 340 1
1582 301 1632 339 13

126 416 290 468 habuit,
309 417 361 458 ut
379 414 498 459 omni
517 429 629 459 anno
649 429 749 459 cum
778 415 980 459 comitiva
998 415 1186 458 maxima
1204 428 1280 471 per
1299 414 1518 458 universas
1537 427 1635 470 pro-

126 474 290 517 vincias
309 474 429 530 regni
448 474 516 517 sui
535 488 752 530 peragrare
773 473 962 525 solebat,¹
990 477 1138 530 gentes
1165 487 1399 530 agnoscere,
1430 471 1635 515 defectos²

126 532 345 588 corripere,
359 532 580 588 justiciam
598 533 849 583 ministrare,
868 532 1044 575 rebelles
1063 531 1227 587 punire,
1254 531 1389 574 bonos
1418 531 1560 573 fovere
1589 533 1634 573 et

124 603 402 642 remunerare,
418 594 461 633 et
480 605 578 633 cum
598 588 809 633 officiariis
824 591 1031 646 cujusque
1045 589 1274 645 provinciae
1293 602 1439 632 omnes
1458 588 1633 645 penitus

126 647 336 691 defectus³
350 649 586 691 reformare.
614 648 770 691 Nullos
783 649 944 691 ociosos
957 652 1000 691 et
1015 648 1107 691 sine
1122 652 1212 690 arte
1222 647 1293 690 vel
1304 648 1430 690 modo
1440 646 1635 690 vivendi*

125 707 174 748 in
193 720 322 762 regno
342 721 420 749 suo
438 706 580 749 voluit
598 706 786 749 tolerare.
845 706 915 757 Et,
934 720 1034 749 cum
1047 706 1207 749 milites
1227 710 1272 749 et
1291 705 1483 748 officiarii
1501 705 1632 747 unius

124 766 355 820 provinciae
389 765 442 807 ab
474 779 524 808 eo
558 765 766 815 abierunt,
799 764 1034 807 vicecomes
1065 763 1241 807 alterius
1273 763 1503 820 provinciae
1533 777 1633 805 cum

127 823 262 865 electa
294 823 455 865 milicia
486 823 569 865 sibi
587 822 758 864 obviam
777 822 980 865 fecerunt.
1038 822 1103 864 Ac
1123 822 1258 865 eciam
1277 821 1634 865 constitucionem

125 881 256 923 talem
275 881 323 923 in
336 894 463 936 regno
476 880 589 931 fecit,
603 883 654 922 ut
667 880 962 935 unusquisque
976 880 1290 935 longitudinem
1304 885 1348 923 et
1359 879 1634 922 latitudinem

126 939 194 981 sui
223 939 407 995 corporis
436 937 554 980 omni
583 938 651 980 die
686 937 899 980 artificiali
931 938 1105 988 foderet,
1138 938 1220 980 hoc
1255 941 1320 981 est
1344 938 1417 981 vii.
1449 937 1634 993 pedum:

126 997 396 1039 considerans
417 995 532 1051 quod
551 995 747 1038 ociositas
768 999 834 1038 est
852 996 1066 1038 virtutum
1084 995 1270 1038 inimica.
1331 995 1473 1047 Item,⁵
1492 995 1635 1038 noluit

124 1055 330 1110 plurimos
349 1054 396 1096 in
415 1067 543 1110 regno
563 1067 640 1096 suo
659 1053 838 1096 tolerare
858 1067 1064 1109 equorum
1083 1053 1339 1105 evecciones,
1359 1054 1444 1096 nisi
1462 1058 1635 1096 tantum

123 1112 338 1155 laboribus
365 1112 602 1167 deputatos,
630 1111 678 1153 in
708 1125 1075 1167 quorumcumque
1106 1111 1374 1154 dominorum
1407 1112 1536 1154 curiis
1562 1111 1635 1154 vel

124 1170 308 1212 divitum
356 1169 578 1222 domibus;
621 1169 724 1225 quia
762 1169 897 1211 nimia
934 1169 1169 1211 multitudo
1208 1182 1415 1225 equorum
1453 1169 1636 1212 destruit

123 1227 475 1271 sustentaciones⁶
510 1241 759 1283 pauperum,
794 1227 897 1284 quia
935 1241 1014 1270 nec
1044 1227 1100 1270 ad
1133 1227 1431 1270 necessitatem
1464 1241 1543 1270 nec
1577 1227 1634 1270 ad

122 1285 357 1328 utilitatem
390 1286 546 1328 nutriti
572 1286 756 1329 fuerunt.
828 1285 992 1328 Statuit
1025 1285 1162 1328 eciam
1194 1299 1270 1328 rex
1295 1299 1351 1328 ne
1381 1285 1635 1328 mercandiae

122 1348 243 1387 extra
275 1357 453 1399 regnum
486 1344 646 1386 alicubi
676 1358 752 1400 per
783 1357 900 1386 mare
930 1343 1172 1395 transirent,
1203 1357 1304 1386 nam
1337 1347 1470 1386 tantae
1504 1357 1635 1386 navos

122 1402 484 1458 periclitabantur,
513 1402 608 1445 aliae
637 1402 915 1458 capiebantur
943 1402 997 1444 ab
1026 1402 1194 1444 aemulis
1223 1406 1267 1444 et
1295 1401 1496 1453 inimicis,
1516 1401 1634 1458 quod

121 1474 299 1516 regnum
318 1461 366 1502 in
385 1460 470 1503 hiis
499 1460 687 1503 multum
716 1459 1088 1516 depaupertatum⁷
1108 1463 1173 1503 est
1185 1476 1196 1513 ;
1225 1463 1268 1503 et
1287 1460 1384 1503 ideo
1412 1474 1551 1516 usque
1580 1459 1636 1502 ad

122 1523 286 1561 certum
298 1523 468 1574 tempus
483 1519 634 1561 statuit
649 1519 764 1574 quod
775 1518 907 1561 nullae
922 1522 1042 1561 extra
1053 1532 1231 1574 regnum
1246 1532 1376 1561 naves
1390 1518 1634 1570 transirent,

122 1577 203 1619 sub
232 1590 360 1632 poena
388 1577 631 1619 amissionis
659 1577 893 1630 bonorum;
921 1580 964 1619 et
985 1576 1057 1627 sic,
1077 1590 1165 1619 non
1185 1577 1381 1619 obstante
1399 1576 1515 1632 quod
1534 1590 1635 1619 cum

122 1648 277 1690 magna
296 1634 546 1678 difficultate
561 1635 829 1677 observatum
852 1638 928 1685 est,
943 1639 1089 1677 tamen
1108 1635 1257 1677 multae
1271 1648 1415 1686 naves,
1435 1635 1634 1677 omnibus

121 1692 407 1735 mercimoniis
428 1696 622 1744 oneratae,
645 1693 692 1735 in
720 1707 849 1748 regno
868 1693 953 1735 hiis
975 1693 1125 1735 diebus
1145 1693 1238 1735 sine
1258 1693 1447 1748 periculo
1466 1692 1635 1735 habun-

122 1750 274 1793 danter
307 1754 351 1793 et
395 1751 580 1794 libenter
617 1751 859 1802 veniebant,
903 1765 999 1806 quae
1037 1751 1149 1793 bona
1186 1765 1263 1806 pro
1301 1751 1437 1802 bonis,
1475 1751 1636 1806 absque

121 1812 345 1851 numerata
382 1809 564 1865 pecunia
606 1809 835 1860 mediante,
873 1809 1116 1851 mercandia
1160 1809 1305 1851 omnia
1347 1812 1634 1852 mutaverunt.

123 1867 323 1909 Inhibuit
354 1868 489 1909 eciam
522 1867 637 1910 idem
668 1881 746 1910 rex
780 1867 896 1923 quod
929 1867 1041 1909 nulli
1068 1867 1255 1918 omnino,
1286 1867 1372 1909 nisi
1404 1867 1634 1923 burgenses

120 1924 256 1976 liberi,
277 1925 329 1967 de
348 1925 509 1967 talibus
527 1925 783 1968 mercandiis
804 1939 849 1968 se
868 1925 1231 1968 intromitterent.⁸
1271 1925 1438 1976 Quibus
1459 1924 1634 1967 statutis

121 1983 184 2025 sic
203 1982 258 2025 ad
277 1986 448 2038 tempus
478 1984 723 2034 observatis,
741 1997 919 2039 regnum
944 1983 1058 2026 infra
1084 1997 1242 2038 paucos
1263 1997 1396 2026 annos
1415 1983 1462 2025 in
1483 1982 1636 2029 fertili-2

122 2043 211 2083 tate
232 2044 276 2083 et
294 2041 595 2084 habundancia
614 2042 807 2084 omnium
827 2042 1035 2084 bonorum
1064 2041 1210 2084 taliter
1228 2041 1383 2092 floruit,
1402 2041 1449 2083 in
1469 2041 1634 2083 artibus

123 2099 364 2150 mecanicis‚
386 2099 532 2150 eciam,
550 2099 737 2142 metale
758 2105 802 2142 et
816 2100 1012 2150 monetis,
1025 2113 1124 2142 cum
1139 2099 1236 2142 aliis
1252 2100 1451 2141 omnibus
1466 2098 1632 2154 policiae

123 2160 167 2198 et
190 2155 311 2198 boni⁹
328 2157 546 2212 regiminis
576 2158 963 2208 commoditatibus,
983 2157 1098 2213 quod
1117 2156 1483 2200 innumerabiles¹⁰
1502 2156 1633 2200 naves

123 2217 167 2256 et
195 2218 446 2257 mercatores
480 2216 535 2258 ab
569 2216 767 2258 omnibus
796 2216 949 2257 mundi
976 2215 1183 2270 partibus,
1212 2214 1359 2257 audita
1382 2215 1558 2270 justicia
1587 2219 1633 2258 et

122 2272 355 2327 prudencia
397 2273 519 2328 regis,
558 2274 828 2316 confluebant
860 2273 1035 2324 ibidem,
1077 2273 1265 2315 dicentes
1305 2286 1350 2315 se
1389 2273 1550 2328 maj0ra
1588 2276 1632 2315 et

122 2330 298 2372 meliora
325 2330 374 2371 in
401 2344 531 2386 regno
554 2331 713 2373 vidisse
733 2345 863 2386 quam
883 2331 935 2373 de
954 2331 1079 2386 longe
1100 2331 1324 2373 audivisse.
1384 2331 1440 2373 In
1458 2334 1631 2373 tantum

122 2388 239 2431 enim
269 2402 449 2444 regnum
479 2389 718 2444 opilentum
749 2388 933 2439 devenit,
963 2388 1078 2444 quod
1107 2388 1350 2441 Lumbardi,
1385 2388 1438 2431 de
1472 2388 1631 2431 finibus

121 2446 279 2488 Ytaliae
297 2447 530 2497 venientes,
558 2447 606 2488 in
634 2460 762 2503 regno
790 2446 1011 2489 infinitum
1040 2460 1191 2489 aurum
1219 2450 1263 2489 et
1290 2450 1511 2503 argentum
1531 2460 1631 2489 cum

121 2504 322 2559 preciosis
351 2504 568 2560 lapidibus
598 2508 935 2560 asportaverunt,
955 2518 1003 2547 ac
1032 2504 1080 2546 in
1099 2518 1228 2560 regno
1244 2504 1474 2556 ·aedificare,
1495 2508 1538 2547 et
1556 2518 1634 2560 per

122 2576 168 2604 se
187 2562 405 2605 civitatem
417 2563 465 2604 in
483 2567 629 2605 monte
642 2563 796 2605 Portus
811 2562 1018 2618 Reginae¹⁰
1032 2566 1273 2605 construere
1287 2563 1376 2618 regi
1387 2563 1631 2615 offerebant,

123 2624 199 2662 aut
217 2620 265 2662 in
283 2621 426 2663 insula
444 2635 575 2677 prope
597 2620 883 2672 Craumond,11
912 2633 1007 2676 rege
1036 2620 1096 2663 eis
1117 2621 1170 2663 de
1188 2620 1423 2677 privilegiis
1443 2625 1486 2663 et
1505 2620 1632 2663 liber-

121 2678 283 2721 tatibus
298 2679 455 2722 debitis
474 2683 518 2722 et
537 2679 754 2735 requisitis
781 2678 1043 2734 providente.
1106 2678 1231 2731 Quod
1250 2679 1311 2722 eis
1330 2678 1633 2721 concordatum

186 2820 199 2842 1
217 2821 253 2856 o,
272 2821 315 2856 D.
333 2822 373 2856 E.
391 2823 472 2856 <rma
488 2822 631 2857 solebat.
729 2819 744 2843 2
761 2822 799 2856 B.
819 2821 857 2855 o,
876 2795 916 2855 n.
935 2821 1107 2857 defectus.
1208 2820 1223 2843 ³
1239 2822 1282 2855 D.
1300 2821 1466 2856 defectos.

187 2866 202 2889 ⁴
217 2869 254 2902 C.
272 2868 311 2903 Ε.
329 2869 552 2913 vivendique.
1209 2867 1225 2891 ⁶
1243 2869 1281 2902 B.
1297 2869 1411 2903 Unde.

187 2913 203 2937 ὅ
219 2915 255 2949 Ο.
273 2915 314 2949 Ε.
332 2917 637 2952 sustentacionem.
727 2914 743 2939 7
759 2916 798 2950 Β.
817 2916 1105 2960 depauperatum.
1208 2914 1222 2937 ⁸
1239 2916 1275 2949 C.
1295 2916 1334 2949 E.
1352 2915 1604 2949 intromittent.

187 2960 202 2983 ⁹
219 2962 256 2996 O.
275 2962 318 2997 D.
335 2962 375 2996 Ε.
393 2963 502 2998 bonae.
716 2961 746 2985 ¹⁰
762 2963 799 2998 C.
819 2963 860 2998 D.
881 2964 920 2998 Ε.
938 2964 1011 2997 add
1027 2966 1073 2997 et.
1195 2961 1223 2984 ¹¹
1241 2963 1278 2998 O.
1297 2963 1339 2998 D,
1359 2963 1397 2998 E.
1419 2963 1622 2997 Oraumont.

861 3020 891 3051 H
