1982 3360
1280 0 1356 4 vvrvr
1369 0 1442 7 -κη

356 345 408 383 86
849 356 976 387 LIBER
996 355 1351 388 PLuscARDnNffls.

352 460 534 503 eundem
547 460 824 511 Salomonem,
836 459 1073 502 Multitudo
1085 459 1326 514 sapientum
1338 460 1495 502 sanitas
1508 461 1586 503 est¹
1599 462 1709 505 orbis
1721 465 1850 505 terra-

351 531 458 569 rum,
479 523 521 561 et
540 532 614 560 rex
635 519 801 573 sapiens
822 517 1159 560 stabilimentum
1178 517 1351 573 popu]i;
1380 518 1427 559 in
1445 517 1525 560 hoc
1544 519 1658 561 enim
1677 533 1850 575 cognos-

352 575 464 618 citur
492 576 705 631 sapiencia
733 576 853 630 regis,
873 575 974 630 quia
1008 575 1219 630 sapientes
1254 579 1297 617 et
1329 575 1558 630 prudentes
1592 577 1849 619 consiliarios

352 633 490 676 habet.
550 634 726 687 Propter
758 633 868 675 hanc
899 632 1014 674 enim
1048 646 1219 674 causam
1252 637 1423 675 centum
1452 633 1684 676 cenatores2
1706 635 1849 677 Romae

354 691 577 734 constituti
611 695 712 733 sunt
741 690 795 732 ad
823 691 1009 746 regimen
1038 691 1100 732 rei
1127 690 1335 746 publicae3
1369 691 1564 733 similiter
1592 695 1635 733 et
1663 692 1850 735 Parisius

353 754 525 791 centum
559 748 752 790 consules
787 748 916 790 creati
945 751 1046 790 sunt
1070 748 1124 790 ad
1156 749 1344 804 regimen
1371 748 1490 803 regni
1522 748 1721 800 Franciae,
1751 750 1852 804 quia

352 806 634 848 communitas
654 820 740 848 non
768 809 909 861 potest
928 819 1074 857 errare,
1093 810 1143 848 ut
1162 807 1336 861 quidam
1356 806 1514 848 dicunt.
1575 806 1685 857 Quia
1705 820 1850 849 omnes

352 867 564 906 senatores
585 864 841 906 Parisienses
861 868 963 906 sunt
989 863 1130 906 clerici
1153 865 1262 919 J'uris
1282 864 1409 919 periti
1429 869 1470 906 et
1491 864 1679 907 doctores
1708 864 1851 920 legum

352 926 395 963 et
411 935 633 972 canonum,
648 921 708 963 et⁸
722 922 776 963 ad
791 922 1003 977 judicium
1018 925 1062 964 et
1075 922 1293 977 justiciam
1309 935 1451 964 veram
1466 922 1793 964 ministrandum
1809 925 1852 964 et

352 979 593 1021 faciendum
608 979 851 1022 solemniter
865 980 1008 1035 jurati,
1024 984 1067 1022 et
1087 993 1184 1022 cum
1203 980 1282 1022 hoc
1302 984 1404 1022 sunt
1422 980 1484 1022 ita
1503 980 1651 1031 securi,
1665 980 1852 1035 prompti

352 1041 395 1079 et
406 1037 453 1078 in
463 1038 559 1092 jure
571 1037 756 1088 resoluti,
769 1038 883 1093 quod
897 1037 998 1080 licet
1009 1037 1182 1093 quidam
1195 1051 1350 1090 eorum,
1363 1051 1393 1080 s.
1410 1038 1493 1080 duo
1505 1038 1575 1080 vel
1586 1041 1682 1088 tres,
1693 1037 1853 1080 voluis-

351 1098 458 1146 sent,
477 1095 672 1150 nequiter
694 1096 793 1150 J'ura
821 1096 1108 1150 pervertendo,
1128 1095 1294 1138 deviare
1314 1109 1339 1137 a
1357 1095 1428 1137 via
1456 1096 1659 1146 veritatis,
1679 1095 1765 1146 alii,
1791 1095 1853 1137 ita

351 1152 461 1194 clare
479 1153 759 1208 percipientes
779 1153 1169 1208 praevaricacionem
1189 1156 1232 1195 et
1251 1166 1470 1196 excessum
1490 1167 1645 1203 eorum,
1665 1167 1751 1195 non
1780 1167 1851 1195 eos

348 1210 619 1261 toHerabunt,
648 1211 734 1262 sed,
766 1212 1027 1266 vituperium
1055 1214 1306 1266 perpetuum
1335 1211 1396 1253 eis
1426 1211 1702 1266 imponentes,
1733 1214 1852 1253 extra

350 1269 613 1311 consorcium
642 1269 820 1311 aliorum
849 1282 920 1312 eos
949 1269 1211 1321 exulabunt;
1244 1273 1287 1311 et
1313 1269 1350 1311 si
1378 1282 1452 1311 rex
1482 1268 1591 1311 male
1621 1268 1850 1319 consultus,

348 1339 495 1380 ymmo
528 1326 675 1381 pocius
704 1326 903 1369 seductus
936 1326 1102 1381 privato
1132 1326 1318 1377 consilio,
1347 1326 1623 1382 pervertendo
1654 1326 1851 1368 similiter

344 1383 556 1439 judicium
577 1387 620 1426 et
642 1384 890 1440 justiciam,4
908 1384 1066 1426 talibus
1086 1384 1384 1439 iniquitatibus
1405 1384 1575 1435 faveret,
1594 1387 1644 1425 ut
1669 1384 1849 1439 ipsemet

350 1442 611 1484 sentenciam
648 1442 927 1497 parleamenti
962 1445 1178 1492 everteret,
1210 1455 1354 1484 omnes
1388 1442 1462 1484 isti
1496 1445 1718 1492 senatores,
1752 1455 1850 1484 cum

349 1513 494 1542 eorum
507 1500 768 1555 sequacibus,
784 1500 1064 1542 cessacionem
1078 1500 1309 1542 audienciae
1321 1499 1367 1541 in
1381 1499 1666 1554 parleamento
1680 1499 1850 1553 publice

348 1557 655 1612 proclamarent
661 1572 671 1609 ;
692 1561 746 1607 et,
766 1556 999 1612 campanis⁵
1013 1557 1203 1612 pulsatis,
1223 1557 1360 1599 valvis
1379 1557 1656 1612 parleamenti
1675 1556 1852 1607 seratis,6

348 1615 494 1670 cappis
515 1615 667 1665 exutis,
682 1615 862 1669 quilibet
877 1615 924 1656 in
939 1615 1113 1656 domum
1133 1628 1252 1657 suam
1272 1615 1437 1666 rediret,
1454 1618 1496 1657 et
1516 1613 1726 1665 finaliter‚⁷
1741 1628 1850 1655 nun-

349 1686 478 1727 quam
497 1673 716 1723 reversuri,
737 1686 814 1714 nec
844 1672 1109 1714 audienciam
1138 1673 1246 1723 dare,
1268 1676 1342 1714 aut
1362 1686 1532 1714 causam
1551 1685 1848 1727 quamcunque

346 1734 536 1780 tractare,
553 1730 685 1772 donec
704 1744 790 1780 reX,
804 1730 968 1785 punitis
988 1730 1389 1785 praevaricatoribus,
1404 1730 1530 1772 venia
1549 1731 1602 1772 ab
1623 1730 1683 1771 eis
1703 1730 1850 1784 petita,

348 1787 692 1830 emendacionem
707 1788 959 1843 condignam
979 1788 1026 1829 in
1045 1788 1330 1843 parleamento
1346 1788 1510 1830 faceret.
1561 1787 1671 1838 Quia
1685 1801 1761 1829 nec
1773 1801 1849 1842 pro

347 1859 455 1901 rege,
474 1859 553 1888 nec
572 1859 647 1901 pro
666 1846 821 1901 regina,
842 1859 919 1888 nec
938 1859 1014 1900 pro
1034 1859 1286 1901 quocunque
1306 1845 1389 1888 alio
1410 1844 1592 1895 domino,
1612 1845 1760 1895 amico,
1780 1844 1850 1887 vel

348 1903 669 1958 consanguineo,
683 1907 803 1946 extra
815 1903 1120 1958 sormamjufis,
1127 1917 1203 1946 nec
1216 1917 1349 1959 prece,
1360 1903 1512 1958 precio,
1524 1915 1675 1953 amore,
1687 1902 1850 1953 timore,

347 1961 417 2003 vel
446 1961 553 2012 odio,
574 1975 660 2003 non
690 1975 765 2016 pro
785 1961 876 2003 vita
905 1961 1101 2011 hominis,
1116 1962 1212 2016 J'ura
1243 1974 1504 2016 corrumpere
1523 1960 1594 2003 vel
1612 1963 1848 2015 pervertere

346 2019 492 2061 velint.
552 2019 607 2061 In
627 2019 844 2061 Gallorum
871 2019 1005 2060 eciam
1033 2019 1162 2074 gestis
1196 2019 1402 2074 reperitur
1435 2018 1560 2073 quod,
1588 2017 1848 2072 temporibus

349 2076 539 2143 Philippi
567 2077 675 2133 regis
696 2080 739 2119 et
765 2075 987 2119 Ludovici⁸
1005 2076 1272 2127 Francorum,
1292 2076 1489 2118 Saraceni
1518 2089 1664 2117 causas
1694 2088 1851 2125 eorum,

349 2134 516 2177 omissis
550 2134 728 2190 propriis
759 2134 975 2190 judicibus
1009 2137 1053 2176 et
1085 2134 1243 2176 relictis
1278 2134 1460 2184 sedibus,
1491 2131 1695 2175 Parisius⁹
1723 2146 1849 2175 vene-

348 2196 460 2243 runt,
481 2195 524 2235 et
544 2206 691 2235 causas
711 2195 754 2235 et
766 2192 956 2247 querelas
976 2205 1120 2234 eorum
1135 2192 1296 2247 judicio
1312 2195 1553 2234 senatorum
1573 2190 1849 2246 parleamenti

349 2250 509 2292 ibidem
529 2251 852 2302 commiserunt3
872 2250 946 2305 qui
962 2249 1145 2300 tandem,
1166 2250 1355 2292 contenti
1376 2249 1427 2292 de
1447 2263 1592 2292 eorum
1611 2248 1849 2298 sentenciis,

351 2308 485 2349 ambae
518 2313 658 2362 partes
693 2307 815 2350 laeti¹⁰
850 2312 894 2350 et
927 2308 1153 2350 concordes
1187 2307 1234 2350 in
1261 2307 1443 2364 patriam
1476 2320 1598 2350 suam
1626 2306 1850 2355 redierunt,

349 2369 392 2407 et
409 2365 625 2420 justiciam
644 2366 934 2409 laudaverunt.

453 2518 669 2576 §equitur
685 2521 734 2566 he
752 2521 1006 2567 muzulihuz
1025 2521 1150 2577 agia,
1171 2521 1320 2576 qualzz
1338 2521 1485 2565 Isthmi:
1503 2532 1622 2571 2352:
1650 2531 1742 2564 cunt

805 2586 1254 2633 imehmtihuz.11-Qt.
1276 2586 1395 2632 xniii.

351 2661 759 2726 EQOTANDUM
779 2683 844 2721 est
863 2679 978 2734 quod
997 2679 1133 2721 bonus
1166 2679 1228 2734 [et
1251 2678 1412 2734 justus]
1444 2691 1519 2720 rex
1548 2677 1674 2720 debet
1693 2677 1847 2721 habere

348 2737 411 2779 xii
430 2737 715 2792 proprietates.
769 2737 913 2778 Prima
942 2741 1006 2779 est
1025 2736 1139 2792 quod
1168 2750 1255 2778 non
1275 2736 1402 2778 debet
1422 2749 1576 2786 secum,
1597 2735 1648 2777 de
1669 2735 1846 2777 consilio

411 2862 424 2885 ¹
442 2864 480 2896 B.
502 2863 538 2897 C.
557 2863 596 2896 E.
615 2865 694 2896 omit
710 2866 772 2896 est.
907 2862 922 2884 2
937 2863 975 2896 B.
995 2862 1032 2896 G.
1052 2865 1237 2898 senatores.
1425 2860 1440 2883 ³
1452 2862 1491 2894 E.
1511 2863 1606 2894 omits
1622 2863 1667 2894 et.

409 2908 424 2931 ⁴
441 2910 478 2944 O.
498 2911 536 2943 E.
555 2910 767 2944 instantiam.
903 2909 917 2931 ⁵
934 2910 970 2943 O.
990 2909 1167 2952 campatis.
1425 2907 1440 2929 ⁶
1455 2909 1492 2941 C.
1510 2908 1551 2940 D.
1570 2907 1608 2941 E.
1628 2908 1761 2941 ceratis.

409 2956 424 2979 ⁷
442 2958 478 2991 C.
497 2957 644 2990 finalem.
902 2954 916 2977 ⁸
933 2957 970 2989 B.
991 2957 1079 2989 adds
1095 2956 1194 3000 regis.
1426 2953 1441 2977 ⁹
1458 2955 1495 2988 B.
1514 2955 1661 2988 Parisiis.

395 3002 423 3025 ¹⁰
439 3005 477 3037 B.
495 3004 592 3038 laetae.
896 3002 923 3024 ¹¹
943 3004 979 3037 O.
997 3003 1036 3036 E.
1054 3004 1135 3036 omit
1150 3014 1230 3036 cum
1247 3002 1486 3036 incedentibus
1502 3002 1573 3035 and
1590 3002 1660 3035 add
1676 3003 1743 3034 etc.
