2014 3354
735 304 862 337 LIBER
883 302 1058 336 snx'ms.
1625 294 1648 333 9

143 411 280 468 burgh
301 411 468 464 dicitur,
487 411 770 454 incarceratur
798 424 897 453 cum
925 412 1055 466 patre,
1075 408 1152 465 qui
1171 422 1271 451 cum
1301 422 1398 464 rege
1418 407 1650 449 Malcolmo

143 485 255 513 anno
285 471 481 526 sequenti
510 470 757 526 pacificatus
777 472 854 520 est,
876 468 1124 511 Sumerledo
1144 467 1192 509 in
1221 481 1299 509 sua
1328 466 1526 522 nequicia
1555 479 1651 520 per—

143 530 364 573 severanti.
424 528 524 571 Hiis
555 527 817 583 temporibus
836 527 1024 569 Parisius
1043 526 1188 568 floruit
1221 526 1374 568 Petrus
1408 524 1652 575 Lumbardi,

143 588 345 643 magister
364 587 692 637 sentenciarum,
707 585 930 641 theologiae
950 598 1142 627 summus
1162 584 1352 635 clericus,
1372 583 1443 626 cui
1462 586 1651 626 contem-

142 659 352 700 poraneus
371 645 455 687 fuit
484 646 636 687 Petrus
667 645 940 694 Commestor,
959 643 1161 698 magister
1178 642 1462 685 historiarum.
1521 641 1651 683 Anno

143 717 244 746 vero
259 704 439 746 Domini
453 712 506 745 ΜΟ
516 703 600 744 liiii
613 716 689 744 rex
707 702 966 743 Francorum
977 700 1229 751 Ludovicus,
1241 700 1480 743 Henricum
1499 699 1653 741 ducem

144 761 190 803 N
190 762 430 812 ormanniae,
446 761 585 803 filium
599 759 893 815 imperatricis,
908 759 963 801 ad
976 772 1127 814 pacem
1142 758 1325 814 recepit3
1344 758 1421 814 qui
1437 757 1652 800 Henricus

144 819 193 860 in
207 820 326 862 brevi
340 824 487 875 postea
501 818 715 874 Angliam,
729 821 898 859 mortuo
912 830 1009 872 rege
1026 816 1256 872 Stephano,
1270 816 1449 859 intravit
1464 819 1519 868 et,
1533 814 1653 871 regni

145 876 392 933 integritate
421 877 596 932 potitus,
629 888 780 931 pacem
815 875 1038 930 antiquam
1071 874 1300 918 reformat.1
1358 874 1523 917 Eodem
1552 888 1652 917 vero

145 949 258 978 anno
293 934 539 978 Willelmus
572 934 743 988 Gumyn
771 933 1051 975 Eboracensis
1080 933 1433 988 archiepiscopus,
1459 935 1557 988 post
1587 946 1652 975 re-

149 993 393 1048 cepcionem
412 991 678 1035 eucharistiae
697 990 745 1032 in
763 991 906 1041 missa,
926 990 1170 1045 prodicione
1201 1004 1375 1033 suorum
1404 991 1653 1033 clericorum

143 1050 256 1093 infra
288 1050 558 1094 ablucionem
596 1047 837 1106 liquorum²
864 1048 986 1091 letali
1025 1048 1204 1104 pocione
1237 1048 1453 1101 infectus,3
1487 1048 1652 1092 extinc-

145 1112 216 1152 tus
235 1112 312 1153 est.

203 1264 421 1322 §mitur
438 1265 488 1311 bt
508 1279 600 1323 τεῳ
618 1264 865 1321 ,ξίῐιιῑωῑπω
883 1263 1119 1319 §totorum
1137 1266 1179 1311 et
1198 1264 1386 1320 &entim
1405 1263 1593 1322 31113118.

619 1348 623 1354 ·
801 1331 852 1378 QI·
875 1331 995 1377 xniii,

147 1406 468 1474 QORTUO
501 1428 645 1468 autem
673 1439 770 1482 rege
799 1425 1039 1482 Anglorum
1069 1425 1301 1482 Stephano,
1332 1425 1546 1468 Henricus
1566 1425 1657 1468 dux

146 1483 433 1535 Normanniae,
462 1483 576 1526 filius
606 1483 900 1539 imperatricis,
923 1484 971 1526 in
1000 1498 1141 1540 regem
1173 1487 1418 1539 assumptus
1448 1488 1525 1535 est,
1544 1498 1657 1526 anno

144 1541 255 1597 regis
282 1541 441 1584 Scociae
461 1541 699 1584 Malcolmi⁴
718 1542 904 1585 secundo
916 1558 928 1595 ;
956 1542 1043 1598 qui,
1066 1556 1165 1585 cum
1194 1542 1450 1585 sublimatus
1480 1546 1591 1585 esset
1609 1542 1658 1584 in

146 1613 287 1655 regno,
306 1612 395 1642 suae
415 1600 658 1655 sponcionis
671 1603 714 1643 et
728 1600 963 1656 juramenti
982 1600 1216 1652 immemor,
1232 1601 1346 1656 quod
1360 1599 1497 1656 prius⁵
1510 1600 1658 1643 David

147 1657 360 1700 avunculo
380 1658 528 1700 matris
548 1671 637 1701 suae
657 1658 783 1701 dictae
811 1658 1093 1714 imperatricis
1122 1662 1385 1702 sacramento
1404 1659 1657 1710 firmaverat,

145 1715 499 1758 Northumbriam
538 1716 833 1772 calumpnians
872 1720 917 1760 et
956 1717 1216 1768 Umbriam,
1255 1716 1455 1760 citerum⁰
1485 1716 1656 1772 regibus

147 1773 370 1816 Scotorum
388 1773 671 1817 innumerosis
687 1775 811 1817 annis
827 1788 902 1830 per
916 1774 1035 1830 prius
1055 1773 1191 1831 reges⁷
1206 1775 1434 1826 obedierat,
1454 1775 1655 1818 invadere

146 1845 194 1874 sa
240 1831 375 1882 nebat,
390 1845 556 1875 necnon
571 1837 615 1875 et
634 1833 886 1875 comitatum
902 1833 954 1875 de
971 1834 1262 1889 Huntyngton
1277 1833 1331 1875 ad
1346 1833 1656 1888 possessionem

145 1889 360 1946 propriam
374 1890 628 1946 recognovit.
679 1891 766 1934 Hic
781 1905 881 1934 vero
894 1891 1108 1934 Henricus
1120 1894 1292 1947 propter
1306 1905 1428 1934 suam
1441 1891 1655 1934 feritatem

145 1947 231 1991 Leo
247 1947 387 1990 dictus
407 1951 482 1990 est.
543 1948 629 2000 Qui
648 1948 799 1992 videns
817 1950 849 1992 J
850 1948 1074 2001 ohannem,
1094 1950 1343 2005 episcopum
1364 1949 1654 2005 Glasguensis,

147 2019 224 2061 per
244 2005 627 2049 Gummirlandiam
646 2007 794 2050 officia-
804 2007 1062 2063 episcopalia
1075 2013 1125 2050 ut
1137 2008 1267 2050 moris
1283 2010 1348 2050 est
1360 2021 1564 2058 exercere,
1578 2007 1656 2063 qui

147 2077 226 2106 nec
258 2063 341 2106 sibi
370 2067 421 2107 ut
454 2064 627 2108 domino
657 2079 736 2108 nec
766 2066 1082 2122 archiepiscopo
1115 2066 1372 2108 Eboracensi
1401 2070 1451 2107 ut
1479 2065 1655 2121 praelato

146 2120 278 2163 vellet
297 2121 398 2164 inde
417 2121 600 2174 obedire,
615 2123 816 2166 Trnstino
836 2123 1152 2180 archiepiscopo
1173 2123 1415 2179 supradicto
1434 2123 1655 2175 incitante,

147 2178 402 2221 Edwaldum
425 2180 673 2236 episcopum
692 2181 740 2223 in
761 2181 1144 2224 Cummirlandiam
1173 2185 1321 2224 contra
1350 2195 1449 2224 eum
1467 2195 1545 2237 per
1563 2181 1654 2224 vim

149 2240 193 2280 et
211 2236 464 2279 violenciam
490 2238 725 2290 constituit,
745 2253 844 2281 cum
873 2253 961 2281 non
989 2244 1079 2282 erat
1098 2253 1148 2282 eo
1167 2243 1272 2282 tunc
1292 2239 1368 2295 qui
1388 2244 1534 2282 contra
1554 2253 1654 2282 eum

147 2295 342 2338 resistere
353 2295 546 2338 audebat.
598 2296 724 2348 Quod
735 2311 834 2339 cum
847 2297 1065 2339 audiebat⁸
1076 2299 1107 2341 J
1109 2297 1297 2340 ohannes
1308 2297 1476 2353 praesul,
1491 2298 1653 2353 episco-

147 2352 317 2409 patum⁹
331 2353 423 2408 eJus
443 2352 586 2396 taliter
601 2354 987 2404 demembratum,¹⁰
1001 2358 1045 2398 et
1063 2369 1142 2398 nec
1163 2359 1252 2399 erat
1267 2356 1343 2412 qui
1362 2355 1432 2398 vel
1451 2355 1544 2398 ex¹¹
1554 2357 1652 2412 jure

147 2411 219 2454 vel
238 2411 290 2453 de
311 2411 434 2462 facto,
453 2425 593 2467 neque
611 2425 687 2467 per
704 2411 842 2468 legem
861 2426 1000 2468 neque
1018 2427 1095 2469 per
1112 2427 1264 2470 regem,
1285 2414 1456 2457 defendi
1474 2418 1654 2470 poterat,

147 2469 451 2520 transfretavit,
471 2473 515 2512 et
533 2470 581 2511 in
600 2470 858 2513 monasterio
877 2471 1100 2514 Tironensi
1128 2485 1174 2515 se
1193 2471 1449 2515 monachum
1479 2472 1650 2528 optulit.

148 2527 287 2579 Quem
297 2540 374 2570 rex
389 2527 582 2570 Scociae¹²
590 2528 847 2572 Malcolmus
867 2529 1094 2573 autoritate
1106 2544 1228 2586 papae
1233 2530 1266 2556 ¹³
1286 2530 1339 2573 de
1351 2530 1559 2573 monacho
1571 2531 1652 2573 ite-

212 2640 226 2662 ¹
243 2641 280 2675 O.
299 2642 339 2674 Ε.
358 2642 572 2676 reformavit.
715 2642 730 2665 ²
745 2643 783 2678 C.
802 2644 842 2678 E.
859 2644 1098 2688 reliquiorum.
1226 2644 1241 2668 ³
1256 2647 1294 2680 B.
1317 2646 1354 2680 C.
1373 2647 1413 2681 E.
1432 2646 1650 2682 interfectus.

214 2687 229 2710 ⁴
245 2689 282 2722 C.
301 2688 342 2722 E.
359 2691 440 2723 omit
457 2690 645 2725 Malcolmi.
1220 2691 1235 2714 ⁵
1251 2693 1288 2727 O.
1306 2694 1347 2728 E.
1368 2694 1441 2727 add
1456 2694 1539 2738 regi.

212 2734 228 2757 ⁶
243 2736 282 2769 Β.
300 2736 445 2769 caeteris.
493 2737 532 2770 G.
552 2738 592 2771 Ε.
611 2749 702 2772 oum.
1217 2738 1233 2763 ⁷
1250 2741 1287 2775 C.
1306 2741 1346 2775 Ε.
1365 2743 1447 2775 omit
1462 2752 1570 2786 reges.

213 2780 228 2804 ⁸
249 2782 352 2816 These
369 2784 457 2817 three
472 2785 583 2818 words
599 2785 635 2818 in
651 2785 704 2819 the
718 2787 855 2828 marqin
870 2786 907 2819 in
922 2796 946 2819 a
963 2786 1049 2820 later
1065 2787 1168 2821 hand.
1219 2788 1255 2823 C.
1275 2788 1315 2822 Ε.
1334 2788 1500 2823 audisset.

212 2827 228 2850 ⁹
243 2830 282 2864 B.
300 2830 389 2863 adde
404 2830 665 2875 Glasguensem.
857 2831 886 2854 ¹⁰
902 2833 939 2867 C.
959 2834 998 2867 E.
1017 2834 1317 2869 dismembratum.

201 2875 227 2897 ¹¹
245 2876 357 2910 Simul
372 2877 410 2910 in
426 2878 479 2911 the
501 2881 648 2922 marfin,
667 2880 704 2913 in
720 2890 744 2913 a
759 2880 845 2914 later
861 2880 963 2921 hand,
972 2881 1041 2923 sor
1056 2882 1114 2915 vel
1137 2883 1268 2916 crossed
1291 2886 1358 2917 out.
1410 2882 1448 2916 B.
1467 2882 1571 2916 simul
1596 2882 1651 2917 de.

152 2922 194 2958 D.
214 2923 253 2956 E.
272 2923 324 2957 de.
857 2925 886 2948 ¹²
901 2928 938 2962 C.
957 2928 997 2961 Ε.
1015 2930 1095 2962 omit
1112 2928 1249 2964 Scociae.

199 2968 230 2993 ¹³
244 2970 281 3005 C.
301 2971 341 3005 Ε.
359 2972 439 3005 omit
455 2982 562 3016 papae,
581 2973 653 3007 and
669 2973 711 3009 E.
732 2974 837 3008 leaves
853 2986 877 3008 a
893 2974 1003 3009 blank.

1681 709 1751 734 Aa).
1769 702 1857 734 1154.
