2014 3354
338 285 472 326 xxxvi
828 298 1045 330 APPENDIX
1065 300 1117 331 To
1138 300 1339 334 PRErAcn.

338 399 539 455 Sequitur
558 401 609 443 de
629 401 873 445 Britonibus
902 403 1289 447 transmittentibus
1309 406 1507 460 epistolas
1537 409 1590 450 ad
1609 409 1832 460 Romanos

450 467 658 510 Litorium
677 468 754 510 viz.
777 472 820 511 et
845 469 1034 519 Arciam,
1053 483 1128 524 pro
1149 483 1350 513 succursu
1368 471 1574 525 habendo,
1593 488 1671 518 nec
1691 477 1831 531 optin-

449 537 614 575 uerunt.
1406 536 1658 593 OEapitnlum
1675 540 1732 585 xi.

335 646 536 702 Sequitur
554 648 607 690 de
622 648 915 704 desperacione
935 649 1160 692 Britonum
1180 665 1278 693 cum
1298 665 1374 694 suo
1393 667 1490 709 rege
1504 655 1735 711 Vortigero‚
1755 656 1831 711 qui

447 727 657 769 paganam
675 718 845 769 gentem
864 716 1081 758 Saxonum
1100 716 1147 758 in
1166 718 1425 773 adjutorium
1441 720 1501 762 eis
1523 725 1668 763 contra
1682 722 1829 765 Scotos

448 782 491 821 et
511 780 651 822 Pictos
672 780 976 824 conduxerunt.
1399 783 1658 839 OEapitulnm
1676 785 1751 829 xii.

332 895 533 950 Sequitur
552 895 604 937 de
622 896 760 951 primo
783 896 971 939 adventu
991 897 1207 940 Saxonum
1226 913 1487 956 paganorum
1507 906 1550 943 et
1569 901 1621 944 de
1650 902 1827 945 diversis

444 961 654 1017 stragibus
673 961 774 1004 hinc
793 962 893 1005 inde
913 963 1024 1005 datis
1044 967 1087 1006 et
1107 964 1302 1020 deceptis
1396 966 1648 1021 etapitnlum
1666 966 1760 1013 xiii.

329 1067 530 1123 Sequitur
557 1067 611 1110 de
640 1068 902 1110 successione
921 1068 1030 1124 regis
1050 1069 1268 1125 Dongardi
1288 1071 1427 1115 fratris
1447 1074 1638 1129 Eugenii,
1659 1078 1702 1117 et
1731 1088 1826 1117 con-

442 1134 721 1176 foederacione
740 1134 852 1190 regio
864 1134 1094 1177 Vortimeri
1113 1136 1192 1177 filii
1210 1137 1451 1193 Vortigerni
1471 1140 1579 1195 regis
1600 1141 1824 1183 Britonum

440 1213 538 1242 cum
558 1199 693 1242 Scotis
723 1204 868 1242 contra
887 1200 1075 1243 Saxones
1104 1200 1213 1243 inita
1224 1217 1235 1255 3
1265 1207 1308 1245 et
1337 1203 1389 1245 de
1418 1217 1562 1246 eorum
1590 1206 1823 1261 agitacione

441 1266 495 1309 de
514 1266 745 1309 Britannia.
1396 1268 1647 1324 clamatum
1664 1271 1777 1317 xiiii.

327 1374 528 1430 Sequitur
565 1373 617 1416 de
655 1373 794 1416 reditu
834 1373 1050 1415 Saxonum
1087 1377 1186 1429 post
1223 1378 1402 1418 mortem
1440 1376 1687 1420 Vortimerii
1725 1392 1822 1421 cum

440 1440 627 1483 maxima
654 1439 931 1482 multitudine
961 1453 1231 1496 paganorum,
1259 1444 1303 1483 et
1334 1441 1386 1484 de
1419 1443 1655 1497 prodiciosa
1686 1449 1822 1487 morte

439 1509 686 1562 magnatum
704 1506 937 1548 Britonum.
1396 1507 1649 1562 &mimium
1667 1515 1730 1554 κὴ.

328 1623 528 1679 Sequitur
546 1622 599 1665 de
619 1622 880 1665 successione
901 1621 1165 1664 Gonstaneiae
1183 1622 1304 1677 regis,
1323 1625 1367 1665 et
1386 1622 1594 1666 divisione
1609 1624 1821 1676 Britaniae,

438 1702 638 1745 processu
656 1687 858 1743 temporis
877 1687 925 1729 in
945 1691 1040 1729 octo
1060 1687 1209 1742 regnis.
1395 1687 1646 1743 OEapitulum
1665 1689 1746 1734 xhi.

510 1779 594 1814 Post
609 1778 873 1812 debellaverunt
892 1777 1032 1819 (Bower,
1049 1787 1082 1820 p.
1100 1777 1177 1818 120,
1196 1776 1218 1811 l.
1234 1776 1268 1819 7)
1285 1778 1332 1811 sic
1348 1777 1468 1820 leqitur
1480 1789 1602 1812 .·—nec
1618 1778 1726 1812 eciam
1742 1790 1818 1812 eam

555 1834 794 1877 optinuerunt.

507 1890 590 1924 Post
607 1888 722 1923 Uther
739 1888 792 1930 (ib.
811 1887 832 1921 1.
854 1888 909 1929 18)
928 1886 1132 1932 Pendragon
1147 1887 1303 1921 additum
1319 1891 1374 1921 eat.

324 1998 523 2055 Sequitur
561 1997 614 2040 de
652 1995 1011 2039 confoederacione
1044 1995 1153 2051 regis
1185 1996 1485 2038 Britannorum
1514 1996 1681 2040 Aurelii
1710 1998 1815 2041 Am-

435 2064 565 2108 brosii
588 2077 686 2107 cum
705 2076 802 2118 rege
823 2062 1076 2104 Constancio
1106 2066 1252 2104 contra
1272 2062 1458 2105 Saxones
1488 2066 1530 2105 et
1550 2063 1754 2115 Britones,
1774 2070 1817 2107 et

434 2130 638 2174 vaticinio
658 2128 844 2171 Merlini.
1390 2127 1643 2183 etapitulmn
1662 2129 1761 2175 xhii.

320 2238 521 2294 Sequitur
550 2237 602 2279 de
631 2236 894 2279 successione
923 2234 1031 2291 regis
1060 2234 1216 2277 Scociae
1237 2235 1441 2290 Congalli,
1470 2239 1514 2278 et
1541 2237 1816 2281 renovacione

434 2302 602 2346 foederis
622 2303 734 2345 inter
751 2315 867 2358 reges
887 2302 1106 2344 Scotorum
1126 2305 1170 2344 et
1189 2301 1423 2344 Britonum.

1387 2366 1639 2422 &animiam
1658 2367 1777 2413 xhiii.

320 2477 520 2534 Sequitur
539 2476 591 2518 de
609 2475 745 2531 primo
769 2488 864 2530 rege
884 2475 1142 2518 Francorum
1160 2475 1373 2531 baptizato
1400 2475 1571 2518 nomine
1591 2475 1815 2529 clodoveo,

432 2548 476 2587 et
494 2556 638 2586 eorum
657 2541 825 2597 origine.
1384 2539 1638 2595 capitulum
1656 2540 1738 2585 xix.

502 2634 586 2667 Post
597 2633 749 2666 Francos
761 2631 901 2673 (Bower,
916 2641 949 2674 p.
966 2632 1044 2672 123,
1059 2630 1082 2665 1.
1099 2633 1155 2673 10)
1166 2633 1212 2665 sic
1224 2632 1344 2674 leyicur
1353 2642 1550 2675 .·-quoque
1558 2631 1812 2675 interpretatur

547 2688 669 2732 lingua
683 2686 811 2720 Latina
825 2685 951 2719 liberos
967 2686 1156 2730 appellavit
1168 2698 1179 2727 ;
1205 2686 1265 2720 alii
1280 2696 1363 2720 vero
1377 2686 1510 2719 feroces
1524 2685 1809 2729 interpretantur.

317 2793 516 2849 Sequitur
534 2790 587 2834 de
615 2790 773 2840 eodem,
793 2793 836 2832 et
854 2793 1043 2845 tempore
1073 2803 1157 2845 quo
1176 2789 1313 2844 primo
1333 2789 1570 2831 habuerunt
1589 2802 1740 2845 regem,
1760 2804 1810 2833 ac

428 2858 481 2900 de
499 2857 613 2912 regIa
631 2854 894 2898 successione
914 2868 1058 2897 eorum
1077 2868 1213 2910 usque
1241 2854 1357 2897 hunc
1377 2853 1664 2907 Clodoveum3
1693 2858 1737 2897 et
1756 2855 1808 2899 de

427 2924 580 2966 Sancto
595 2921 822 2965 Giberiano
844 2921 978 2963 Scoto.
1380 2918 1632 2974 etapitulnm
1650 2933 1715 2965 xx.
