2008 3360
145 1968 215 1992 mn.
233 1961 320 1994 1361.

351 334 433 375 304
847 342 972 374 mssa
993 342 1350 374 PLthcARnErxsls.

348 447 482 490 Dedit
510 447 644 491 eciam
664 447 704 490 ei
733 447 937 489 ducatum
956 445 1202 501 Aquitaniae
1222 449 1266 488 et
1294 445 1497 489 ducatum
1516 446 1569 489 de
1588 446 1731 503 Berry,
1749 462 1847 491 cum

347 506 464 548 villis
494 506 547 548 de
577 504 709 549 Galis¹
737 509 781 547 et
810 504 863 546 de
893 504 1042 559 Gynis‚
1072 517 1171 546 cum
1201 504 1350 546 multis
1383 504 1479 546 aliis
1508 504 1631 547 terris
1660 504 1731 548 hic
1761 520 1847 549 non

348 563 540 619 scriptis;
569 567 612 605 et
632 577 731 605 cum
744 562 825 604 hoc
844 562 1077 604 maximam
1096 562 1189 603 auri
1203 575 1425 612 summam,
1436 561 1515 604 viz.
1531 565 1616 604 tres
1636 562 1847 605 milliones

347 621 453 671 auri,
473 625 523 663 ut
542 620 717 675 quidam
735 620 888 662 ferunt.
947 619 1030 661 Per
1047 619 1236 661 medium
1265 620 1386 674 cujus
1405 622 1611 662 tractatus
1630 633 1754 662 omne
1776 621 1848 675 jus

348 683 393 721 et
421 679 631 721 clameum
650 677 764 733 quod
792 677 884 732 ipse
912 690 987 719 rex
1006 676 1172 732 Angliae
1201 676 1248 718 in
1275 690 1404 732 regno
1423 677 1611 719 Franciae
1629 690 1705 732 per
1731 678 1848 732 prius

347 735 602 786 vendicavit,
617 739 661 777 et
672 748 748 790 pro
768 748 852 790 quo
871 747 1064 790 guerram
1078 734 1318 786 commovit,
1337 734 1537 789 praedicto
1556 735 1645 790 regi
1663 735 1849 777 Franciae

348 793 553 845 absolute,
572 793 716 848 quiete
735 796 779 835 et
797 792 928 835 libere
957 792 1271 847 imperpetuum
1291 805 1366 847 pro
1386 805 1431 834 se
1451 796 1494 834 et
1513 791 1737 834 heredibus
1761 792 1849 835 suis

347 851 588 906 resignavit,
617 850 792 906 reliquit
821 854 865 892 et
893 849 1238 892 abrenunciavit:
1266 863 1315 892 ac
1342 849 1477 892 eciam
1503 850 1631 892 armis
1651 850 1850 900 Franciae,

347 922 444 963 quae
473 908 578 951 alias
601 911 765 964 portare
794 907 1028 958 consuevit,
1047 911 1090 949 et
1108 907 1267 950 virtute
1296 921 1477 963 quarum
1504 921 1644 963 regem
1663 907 1850 949 Franciae

347 966 535 1022 seipsum
573 965 818 1021 appellavit,
852 964 1194 1007 abrenunciando
1232 968 1275 1007 et
1306 964 1546 1020 quietando,
1574 964 1689 1020 quod
1717 979 1850 1007 nunc-

347 1038 478 1080 quam
506 1023 582 1066 illa
611 1037 728 1066 arma
756 1026 942 1079 portaret
970 1022 1284 1078 imperpetuum
1312 1022 1495 1078 amplius
1515 1036 1590 1077 pro
1620 1035 1665 1064 se
1684 1026 1727 1065 et
1755 1036 1851 1064 suc-

348 1082 582 1125 cessoribus
611 1082 701 1124 suis
735 1081 976 1136 juramento
1009 1093 1163 1136 magno
1197 1080 1433 1123 affirmavit.
1492 1079 1591 1122 Hiis
1625 1080 1756 1135 igitur
1788 1080 1849 1123 sic

347 1139 662 1195 appunctuatis‚
682 1142 725 1182 et
744 1139 960 1182 obsidibus
980 1138 1028 1179 in
1046 1137 1249 1193 Angliam
1277 1137 1549 1188 transmissis,
1567 1151 1642 1180 rex
1662 1138 1849 1180 Franciae

347 1198 395 1239 in
433 1211 511 1240 suo
544 1197 823 1253 parliamento
853 1196 901 1238 in
930 1196 1036 1238 villa
1067 1195 1294 1238 Parisiensi
1326 1195 1510 1250 paribus,
1543 1195 1770 1237 baronibus
1805 1199 1849 1237 et

346 1255 588 1311 proceribus
622 1255 689 1297 sui
726 1253 846 1309 regni
874 1253 1205 1295 lamentabiliter
1242 1252 1451 1295 allocutus
1490 1255 1564 1303 est,
1598 1253 1848 1307 imputando

346 1313 561 1355 defectum
590 1311 813 1354 infortunii
839 1311 908 1353 sui
935 1310 1199 1366 principibus
1227 1310 1358 1365 regni,
1378 1310 1615 1365 quaerendo,
1635 1314 1656 1332 “
1671 1310 1758 1352 Ubi
1784 1314 1849 1352 est

346 1370 622 1421 Rotolandus‚
654 1370 861 1420 Oliverus,
890 1372 934 1411 et
964 1368 1091 1410 ceteri
1120 1381 1309 1423 proceres
1341 1371 1384 1410 et
1413 1367 1564 1410 athleti
1597 1367 1761 1410 nobiles
1795 1368 1848 1409 de

345 1428 608 1483 temporibus
635 1427 860 1470 transactis
877 1426 923 1469 'F'
982 1426 1065 1468 Oui
1091 1425 1348 1480 respondens
1377 1425 1553 1480 quidam
1580 1425 1765 1480 prudens
1795 1425 1847 1466 de

345 1486 625 1541 parliamento
645 1485 768 1527 miles
786 1483 818 1526 :²
847 1488 868 1506 “
883 1483 919 1526 O
939 1497 1014 1525 rex
1034 1483 1180 1525 inclite
1200 1486 1243 1525 et
1261 1483 1456 1537 princeps
1476 1482 1773 1533 illustrissime,
1793 1496 1847 1524 ne

346 1544 532 1598 imputes
547 1556 719 1585 causam
738 1540 963 1584 infortunii
981 1540 1047 1583 tui
1067 1540 1427 1583 commilitonibus
1445 1540 1555 1592 tuis;
1585 1540 1659 1582 sed
1674 1540 1847 1582 ostende

345 1601 469 1644 nobis
489 1600 700 1643 Karolum
728 1613 930 1654 magnum
958 1611 1109 1654 regem,
1139 1602 1183 1640 et
1211 1611 1288 1639 nos
1313 1597 1395 1639 tibi
1422 1597 1676 1653 reperiemus
1702 1611 1848 1640 omnes

345 1658 569 1701 duodecim
598 1658 690 1712 eJus
719 1670 853 1712 pares,
872 1661 915 1699 et
932 1656 1017 1698 hiis
1046 1655 1183 1697 multo
1211 1654 1440 1698 meliores.”
1498 1655 1555 1696 Et
1583 1669 1681 1697 cum
1704 1655 1758 1697 ab
1786 1655 1847 1697 eis

345 1715 539 1772 petisset³
558 1715 818 1771 adjutorium
840 1717 884 1757 et
903 1713 1142 1756 subsidium
1170 1726 1257 1755 suae
1284 1712 1602 1768 redempcionis,
1620 1712 1849 1755 noluerunt

345 1779 520 1830 pactum
538 1772 845 1828 redempcionis
865 1785 953 1814 suae
965 1771 1245 1827 approbantes
1266 1770 1536 1823 confirmare3
1562 1770 1636 1813 sed
1658 1773 1846 1812 contrac-

344 1836 439 1874 tum
451 1831 730 1887 praelocutum
742 1844 795 1873 ex
810 1833 901 1873 toto
915 1829 1129 1871 irritantes
1143 1827 1420 1879 retractatur‚⁴
1435 1832 1478 1870 et
1489 1841 1563 1870 rex
1583 1827 1629 1869 in
1644 1827 1845 1883 Angliam

344 1889 588 1940 remittitur,
608 1889 684 1931 ubi
703 1901 839 1943 usque
868 1887 923 1930 ad
942 1890 1121 1929 mortem
1148 1885 1376 1928 remansit:
1406 1888 1449 1928 et
1468 1885 1529 1928 sic
1552 1888 1692 1927 totum
1720 1899 1845 1940 nego-

345 1948 461 1990 cium
475 1947 752 2002 praelocutum
766 1944 989 1987 infectum⁶
1000 1947 1230 1987 revocatur.
1273 1943 1401 1985 Anno
1416 1943 1593 1985 Domini
1607 1947 1661 1984 M⁰
1672 1951 1760 1985 ccc⁰
1771 1943 1848 1993 lxi,

345 2006 393 2047 in
411 2006 520 2048 festo
540 2003 857 2047 Purificacionis
875 2003 1043 2045 Nostrae
1061 2001 1269 2051 Dominae,
1283 2000 1515 2056 incipiebat
1534 2000 1719 2042 secunda
1737 2014 1847 2042 mor-

344 2063 500 2114 talitas,
520 2066 564 2105 et
582 2061 784 2118 regnabat
802 2074 938 2116 usque
967 2059 1021 2102 ad
1040 2059 1197 2101 festum
1217 2058 1385 2100 Natalis
1404 2058 1581 2100 Domini
1603 2057 1848 2100 immediate

345 2134 550 2177 sequens:
578 2120 655 2162 ubi
673 2118 797 2175 quasi
822 2118 1018 2161 similiter
1035 2117 1165 2159 tercia
1190 2129 1287 2171 pars
1307 2116 1529 2158 hominum
1549 2119 1711 2158 naturae
1730 2116 1846 2158 debi-

343 2183 438 2221 tum
457 2177 598 2228 solvit,
617 2176 760 2233 prout⁶
774 2177 821 2218 in
840 2176 979 2232 prima
997 2174 1255 2216 mortalitate
1274 2173 1385 2216 fecit.
1444 2174 1536 2216 Rex
1555 2172 1671 2216 vero⁷
1690 2173 1846 2223 David,

344 2239 517 2292 propter
543 2236 740 2278 timorem
767 2234 885 2276 illius
913 2232 1197 2282 mortalitatiS,
1215 2231 1263 2273 in
1291 2231 1484 2287 partibus
1515 2230 1847 2286 aquilonaribus⁸

345 2294 464 2349 regni
482 2293 686 2336 remansit
696 2305 832 2348 usque
848 2291 901 2334 ad
920 2291 1050 2333 finem
1070 2289 1270 2345 ejusdem,
1285 2293 1329 2331 et
1347 2289 1462 2344 apud
1481 2289 1672 2344 Kynloss
1691 2289 1735 2330 N
1735 2287 1845 2330 atale

345 2352 503 2393 festum
532 2350 785 2394 celebravit:
813 2349 901 2399 ubi,
930 2362 1005 2404 per
1033 2347 1247 2403 quandam
1277 2346 1530 2389 discordiam
1562 2346 1674 2389 inter
1703 2346 1844 2401 ipsum

346 2413 391 2450 et
418 2409 623 2450 Thomam
652 2408 851 2451 comitem
871 2406 924 2449 de
949 2406 1056 2456 Mar,
1076 2408 1262 2447 castrum
1291 2404 1344 2446 de
1364 2403 1621 2459 Kyldromy⁹
1639 2404 1686 2445 in
1714 2415 1844 2444 manu

345 2479 434 2516 sua,
453 2464 595 2520 ipsum
615 2465 813 2508 comitem
839 2464 892 2506 de
920 2476 1048 2520 regno
1067 2462 1375 2518 proscribendO,
1394 2461 1591 2517 suscepit,
1610 2465 1653 2504 et
1672 2473 1769 2503 eum
1797 2460 1843 2500 in

345 2522 547 2578 Angliam
576 2523 776 2565 exulavit.
836 2522 956 2564 Inter
974 2534 1080 2576 quos
1108 2524 1256 2575 postea
1274 2519 1496 2563 concordia
1514 2520 1636 2569 facta,
1657 2516 1844 2560 cuncta¹⁰

346 2580 429 2623 sibi
447 2580 648 2622 restitui¹¹
662 2580 892 2622 ordinavit‘
942 2578 1105 2621 Eodem
1117 2577 1251 2620 eciam
1269 2590 1382 2620 anno
1400 2579 1591 2619 mortuus
1612 2578 1677 2617 est
1694 2574 1741 2616 in
1756 2587 1843 2616 car-

345 2638 512 2680 ceribus
531 2636 713 2679 Thomas
732 2635 948 2679 Thomas¹²
957 2636 1170 2691 Angusiae,
1186 2648 1271 2677 non
1291 2634 1429 2677 solum
1442 2637 1612 2689 propter
1630 2632 1720 2687 ejus
1739 2631 1844 2674 levi-

345 2699 490 2746 tatem,
521 2694 622 2749 quia
650 2694 875 2737 consilium
898 2694 1107 2748 juvenum
1136 2692 1680 2746 consequebatur‚——ymmo
1708 2689 1842 2731 eciam

408 2803 421 2825 ²
438 2803 476 2837 C.
494 2803 533 2836 Ε.
551 2802 662 2837 Cales.
1395 2797 1409 2820 ²
1425 2797 1524 2832 miles
1540 2800 1576 2831 in
1592 2799 1727 2840 maryin
1743 2798 1838 2832 later.

407 2849 422 2872 3
438 2851 476 2884 C.
493 2850 533 2884 Ε.
551 2850 722 2894 peciisset.
873 2846 888 2868 4
905 2847 943 2882 C.
962 2847 1001 2881 Ε.
1020 2849 1264 2881 retractarunt
1393 2843 1408 2866 ⁶
1425 2846 1463 2879 B.
1480 2846 1518 2878 in
1533 2845 1721 2879 defectum.

407 2896 422 2919 ⁶
438 2898 475 2931 O.
493 2896 534 2931 Ε.
551 2899 702 2941 propter.
1397 2890 1411 2914 ⁷
1428 2891 1466 2926 C.
1483 2892 1523 2926 E.
1541 2893 1622 2925 omit
1637 2902 1729 2925 vero.
1768 2916 1771 2919 ⁴

407 2942 421 2965 ⁸
438 2944 476 2978 C.
497 2944 539 2979 D.
559 2943 599 2978 Ε.
617 2941 882 2987 aquilonalibus.
1395 2937 1409 2959 ⁹
1426 2939 1463 2972 O.
1482 2939 1520 2973 E.
1539 2938 1737 2981 Kildrumy.

394 2990 423 3013 ¹⁰
437 2991 473 3025 O.
491 2990 618 3025 cuncti.
860 2987 885 3010 ¹¹
903 2988 940 3023 G.
960 2987 999 3022 Ε.
1018 2986 1090 3021 add
1106 2986 1182 3020 sibi.
1385 2984 1413 3007 ²²
1430 2986 1468 3020 C.
1487 2985 1527 3018 D.
1547 2985 1586 3018 Ε.
1605 2996 1731 3029 comes,
