2008 3360
390 283 407 320 l
418 284 440 321 6
447 283 470 321 6
884 291 1011 323 LIBER
1028 291 1389 325 PLUSCARDENSIS.

383 395 744 451 complementum
776 396 967 451 plenarie
1000 395 1226 448 exhibere3
1265 400 1309 439 et
1343 410 1443 439 cum
1475 397 1568 449 hoo,
1602 398 1639 441 si
1669 413 1755 454 qua
1787 399 1885 455 jura

383 452 551 504 habeas,
566 453 871 496 inviolabiliter
888 466 1144 495 conservare.
1203 453 1294 496 Nos
1310 454 1425 496 enim
1444 469 1496 498 ex
1517 469 1631 498 nuno
1649 456 1759 508 lites,
1771 471 1884 512 quae-

384 511 560 554 stionesl
595 516 639 554 et
667 510 989 553 contraversias²
1019 511 1232 566 quaslibet
1265 511 1378 554 inter
1405 516 1453 555 te·
1478 516 1522 555 et
1555 512 1718 556 dictum
1745 528 1885 570 regem

384 569 542 611 Scociae
561 583 610 611 ac
628 568 825 623 praelatos
845 572 889 611 et
909 567 1081 611 clericos
1101 572 1144 611 et
1163 568 1269 611 alias
1288 582 1488 625 personas
1517 570 1820 615 ecclesiasticas
1841 577 1885 614 et

383 626 603 669 saeculares
624 625 816 681 ejusdem
834 626 954 682 regni
977 627 1183 677 subortas,
1201 627 1272 670 vel
1291 641 1386 682 quae
1405 632 1586 683 possunt
1603 628 1651 670 in
1669 632 1884 684 posterum

383 698 438 726 ex
458 684 798 739 quibuscumque
824 684 962 726 causis
981 684 1136 726 exoriri
1163 685 1400 739 praeteritis,
1420 690 1645 741 totumque
1664 687 1884 741 negocium

383 741 587 796 praedicta
613 754 868 784 concernens
898 745 974 785 aut
1002 742 1281 797 quovismodo
1310 744 1571 800 contingens,
1601 742 1693 786 aut³
1716 744 1887 799 aliquod

381 798 622 851 eorundem,
662 799 717 841 ad
765 800 1066 855 cognicionem,
1105 800 1360 843 decisionem
1399 805 1443 843 et
1488 801 1887 844 determinacionem

383 856 576 911 ejusdem
614 857 726 900 sedis
757 860 903 900 tenore
935 858 1214 913 praesencium
1247 859 1487 902 reducendo
1525 872 1811 902 reservamus:
1849 860 1888 902 si

383 914 489 969 quid
512 918 657 957 autem
687 927 820 966 secus,
839 916 1022 959 scienter
1042 915 1112 958 vel
1131 916 1382 972 ignoranter,
1402 931 1428 959 a
1447 931 1714 973 quocumque
1732 918 1781 959 in
1808 916 1888 959 hac

382 975 504 1027 parte
518 976 820 1028 attemptatum
840 974 979 1025 fuerit,
998 974 1167 1016 irritum
1182 978 1226 1018 et
1239 975 1367 1018 inane
1383 975 1665 1019 decernentes.
1724 975 1888 1019 Datum

382 1030 606 1087 Avigione,
625 1045 655 1074 v
673 1031 877 1074 kalendas
896 1032 927 1075 J
929 1031 1019 1075 ulii.

381 1244 598 1300 §mitat
627 1245 855 1301 responsio
884 1246 1088 1290 baronum
1117 1243 1292 1301 gualia
1319 1245 1370 1290 ah
1399 1259 1608 1291 sumntum
1636 1245 1888 1302 puntiffoem,

451 1311 710 1356 mathatiam
723 1325 920 1367 maguum
938 1312 1160 1357 continens
1179 1314 1238 1357 ετ*
1251 1312 1720 1359 inuhzhimciamfi-m,
1736 1312 1885 1357 xxxiii.

381 1410 477 1471 ,Ξ
476 1427 564 1470 AN
566 1428 838 1471 CTISSIMO
854 1428 902 1470 in
917 1427 1085 1471 Christo
1099 1428 1222 1484 patri,
1238 1428 1334 1471 etc.⁰
1378 1429 1533 1472 Sancta
1547 1429 1739 1472 Romana
1753 1428 1885 1472 eccle-

381 1486 457 1538 sia,
471 1500 546 1541 per
560 1487 683 1541 cujus
701 1485 1003 1528 ministerium⁷
1015 1486 1119 1529 fides
1139 1486 1348 1529 catholica
1366 1487 1625 1542 gubernatur
1639 1491 1682 1529 et
1700 1487 1888 1543 regitur,⁸

380 1543 430 1586 in
444 1544 532 1586 suis
547 1544 712 1587 actibus
728 1544 903 1595 cunctis,
920 1544 1031 1586 sicut
1049 1544 1226 1586 firmiter
1240 1544 1451 1587 credimus
1463 1549 1507 1587 et
1521 1548 1727 1596 tenemus,
1746 1548 1886 1587 matu-

381 1602 507 1644 ritate
526 1602 729 1657 procedit,
744 1602 859 1657 quod
877 1601 988 1643 nulli
1002 1601 1288 1657 praejudicare,
1303 1602 1379 1644 sed
1398 1602 1659 1658 singulorum
1675 1603 1784 1658 jura,
1798 1616 1886 1644 non

381 1659 524 1701 minus
543 1660 591 1701 in
610 1659 705 1702 aliis
726 1673 855 1715 quam
874 1659 921 1701 in
950 1659 1100 1714 seipsa,
1120 1663 1326 1715 tanquam
1349 1659 1464 1715 jure⁹
1483 1660 1691 1703 catholico
1720 1673 1885 1703 conser-

379 1730 480 1760 vare
492 1717 598 1760 velit
612 1717 755 1760 illaesa.
806 1718 927 1767 Sane,
942 1720 1170 1760 convocato
1185 1731 1321 1772 nuper
1335 1717 1651 1761 serenissimum
1665 1717 1886 1760 dominum

381 1779 575 1818 nostrum
594 1775 864 1826 Edwardum,
884 1775 969 1818 Dei
986 1775 1126 1831 gracia
1144 1789 1285 1830 regem
1299 1775 1468 1831 Angliae
1487 1775 1707 1827 illustrem,
1724 1775 1885 1830 parlea-

380 1833 561 1876 mento¹⁰
579 1833 695 1889 apud
714 1833 987 1876 Lincolneam
1014 1832 1200 1889 generali
1230 1836 1362 1885 tento,
1381 1833 1497 1876 idem
1516 1832 1713 1875 dominus
1742 1838 1886 1875 noster

380 1891 589 1947 quasdam
616 1892 761 1934 literas
791 1891 1054 1947 apostolicas,
1083 1904 1189 1946 quas
1218 1904 1345 1946 super
1373 1890 1497 1934 certis
1526 1891 1710 1946 negociis
1740 1891 1884 1933 condi-

380 1949 547 1992 cionem
576 1954 619 1992 et
647 1953 810 1992 statum
837 1948 988 2004 regnin
1019 1948 1177 1991 Scociae
1204 1948 1477 2004 tangentibus
1507 1962 1561 1991 ex
1589 1953 1709 2004 parte
1743 1953 1885 1991 vestra

378 2007 674 2063 praecipemt,12
687 2007 735 2050 in
754 2007 894 2050 medio
915 2006 1107 2049 exhiberi
1122 2009 1166 2048 et
1180 2006 1336 2048 seriose
1355 2006 1402 2047 in
1417 2006 1588 2061 publico
1608 2006 1731 2048 nobis
1747 2005 1884 2048 omni-

379 2066 461 2108 bus
481 2065 583 2108 fecit
602 2065 771 2120 exponi.
832 2064 997 2116 Quibus
1027 2063 1185 2106 auditis
1214 2067 1258 2106 et
1286 2063 1511 2119 diligenter
1535 2063 1775 2115 intellectis,
1795 2067 1885 2106 tam

380 2123 538 2166 nostris
559 2123 753 2166 sensibus
765 2122 1024 2173 admiranda,
1040 2135 1170 2177 quam
1188 2120 1425 2164 hattenus¹⁸
1439 2121 1644 2173 inaudita,
1658 2122 1706 2163 in
1725 2121 1884 2164 eisdem

380 2181 626 2223 audivimus
641 2180 860 2223 contineri.
921 2180 1088 2223 Scimus
1107 2179 1233 2230 enim,
1244 2183 1365 2234 pater
1383 2180 1661 2230 sanctissime,
1676 2183 1720 2222 et
1734 2183 1884 2222 notum

381 2242 448 2281 est
466 2239 514 2281 in
532 2239 725 2294 partibus
744 2238 922 2294 Angliae,
938 2243 982 2280 et
996 2237 1214 2280 nonnullis
1230 2237 1326 2279 aliis
1346 2251 1434 2279 non
1452 2242 1518 2280 est
1536 2237 1742 2293 ignotum,
1757 2236 1884 2291 quod,

381 2310 407 2337 a
425 2297 563 2351 prima
582 2297 891 2339 constitucione
910 2295 1030 2351 regni
1048 2295 1227 2351 Angliae,
1247 2309 1395 2350 regum
1414 2295 1605 2350 ejusdem
1623 2294 1883 2350 temporibus

382 2359 473 2395 tam
511 2355 738 2397 Britonum
766 2368 897 2410 quam
925 2353 1171 2409 Anglormn,
1205 2353 1399 2408 superius
1433 2357 1477 2395 et
1506 2353 1713 2395 directum
1747 2351 1880 2393 domi-

382 2411 504 2453 nium
518 2413 637 2467 regni
658 2412 815 2455 Scociae
829 2411 1082 2462 habuerunt,
1097 2425 1145 2453 ac
1159 2411 1208 2454 in
1221 2411 1496 2465 possessione,
1511 2409 1644 2465 quasi,
1659 2407 1882 2464 ejusdem¹⁴

376 2469 689 2523 superioritatis
709 2474 753 2512 et
773 2469 925 2512 directi
945 2469 1125 2512 dominii
1152 2468 1288 2524 ipsius
1317 2468 1436 2523 regni
1458 2467 1613 2510 Scociae
1631 2466 1881 2509 successivis

381 2527 642 2581 temporibus
677 2527 922 2570 extiterunt.
999 2527 1044 2569 N
1044 2540 1092 2569 ec
1128 2525 1377 2568 ullomodo¹⁵
1406 2525 1569 2568 dictum
1606 2537 1795 2580 regnum,
1834 2524 1881 2565 in

444 2667 457 2689 ¹
475 2668 513 2701 C.
531 2667 571 2701 E.
589 2678 799 2701 communes.
896 2665 911 2688 ²
928 2666 965 2700 C.
983 2667 1026 2700 D.
1045 2666 1084 2699 E.
1103 2665 1366 2699 controversias.
1440 2663 1455 2686 ³
1471 2664 1509 2698 C.
1528 2664 1569 2697 D.
1587 2664 1627 2697 E.
1646 2663 1711 2697 vel.

443 2713 460 2736 ⁴
476 2715 515 2749 C.
533 2716 629 2748 omits
644 2717 691 2748 et.
894 2711 909 2734 ⁶
926 2713 963 2747 C.
979 2713 1019 2747 E.
1038 2713 1111 2746 add
1126 2723 1324 2755 perversam
1340 2715 1403 2745 etc.

445 2761 460 2783 ⁶
477 2762 514 2797 C.
532 2762 574 2795 E.
592 2772 642 2794 ac.
894 2758 908 2782 ⁷
926 2760 963 2793 O.
981 2759 1186 2792 misterium.
1434 2756 1449 2779 ⁸
1464 2757 1710 2800 Alteredfrom
1725 2757 1865 2803 regibus

444 2808 459 2830 ⁹
476 2809 513 2843 G.
532 2809 573 2842 Ε.
591 2809 672 2841 omit
687 2808 773 2850 jure.
885 2804 914 2827 ¹⁰
930 2806 968 2840 Ο.
987 2806 1026 2840 Ε.
1044 2806 1330 2849 parleamentum.
1427 2803 1453 2826 ¹¹
1472 2805 1508 2838 C.
1526 2815 1680 2849 regnum.

428 2854 458 2878 ¹²
475 2857 512 2891 O.
530 2855 690 2899 praecipit
707 2854 831 2887 altered
847 2858 880 2887 to
895 2853 1140 2897 praecip[er]at.
1190 2852 1230 2886 E.
1249 2851 1421 2896 praecepit.

426 2902 456 2925 ¹³
469 2903 507 2938 B.
526 2904 568 2936 D.
586 2903 626 2936 E.
644 2902 822 2935 hactenus.
1429 2896 1458 2921 ²⁴¹
1475 2898 1511 2934 O.
1528 2898 1567 2934 E.
1587 2899 1780 2942 cujusdam.

428 2948 457 2972 ²⁵
473 2950 512 2985 O.
532 2950 571 2984 E.
589 2950 673 2984 read
688 2949 721 2982 N
724 2959 762 2982 ec
778 2947 860 2982 ullis
876 2946 1091 2991 temporibus
1107 2944 1300 2980 retroactis.
