2014 3354
339 318 364 356 4
833 331 959 363 mmm
977 329 1333 363 rmsoaunnnsm.

335 433 380 472 et
406 430 678 476 laudabiliter
695 434 1016 489 possedentibus
1045 433 1103 478 et¹
1124 432 1431 476 diffidentibus²
1449 436 1493 476 et
1520 431 1824 488 occupantibus

339 495 483 539 nobile
501 511 677 553 regnum
698 500 853 542 Scociae
872 500 919 541 in
948 499 1080 542 tantis
1099 498 1250 541 mundi
1268 498 1592 550 mutacionibus,
1611 498 1826 553 tantisque

341 562 553 618 stragibus
573 567 616 606 et
636 565 1013 619 persecucionibus,
1031 564 1163 607 tantis
1183 564 1386 614 cladibus,
1404 563 1572 619 praeliis,
1591 566 1634 606 et
1662 562 1826 606 actibus

335 626 511 679 bellicis,
545 630 677 671 tantis
715 630 861 685 itaque
894 630 1158 672 tirannorum
1186 629 1553 672 inaestimabilibus
1585 627 1827 678 insultibus,

335 693 468 735 tantis
501 694 763 749 proditorum
783 695 1105 750 decepcionibus
1131 698 1175 738 et
1200 694 1513 751 prodicionibus
1534 692 1827 749 nequissimis3

336 759 492 813 quibus
505 760 701 803 omnibus
721 774 806 803 non
821 761 1088 804 obstantibus
1108 761 1256 804 domus
1270 761 1384 816 regia
1399 760 1554 803 Scociae
1568 773 1595 802 a
1605 757 1825 802 trescentis

334 828 451 866 xxx‘⁸
479 826 602 868 annis
636 830 680 868 et
712 826 895 882 amplius
926 830 1023 870 ante
1057 826 1393 870 incarnacionem
1422 825 1582 869 Christi
1613 838 1747 880 usque
1778 823 1825 865 in
1888 839 1898 850 ·

334 889 584 933 hodiernum
614 892 727 934 diem
756 892 847 935 sine
871 893 1059 936 nacionis
1088 893 1327 935 mutacione
1346 892 1416 935 vel
1443 892 1567 947 regiae
1592 889 1825 946 maiestatis

334 956 598 1010 subjeccione
626 957 853 1001 honorifice
883 962 927 1002 et
954 959 1085 1002 libere
1113 959 1345 1015 occupavit.
1404 958 1570 1010 Quibus
1594 957 1724 1013 igitur
1747 955 1826 997 hos

331 1021 530 1066 laudibus
549 1023 724 1066 referam
744 1025 909 1078 nescio;
938 1025 1011 1068 sed
1031 1039 1106 1081 pro
1126 1025 1186 1068 eis
1220 1025 1454 1081 graciarum
1483 1023 1673 1067 acciones
1693 1021 1829 1066 omni-

334 1089 501 1144 potenti
518 1090 611 1135 Deo
630 1090 918 1135 indesinenter
935 1105 1055 1148 agere
1073 1104 1273 1148 propono.

849 1289 1020 1346 35th
1044 1289 1267 1345 morawa.

330 1369 528 1434 &HM
556 1388 611 1432 ad
639 1389 789 1433 serIem
816 1390 1088 1434 Cronicarum
1107 1394 1151 1433 et
1177 1393 1390 1446 gestorum
1417 1386 1697 1431 laudabilium
1719 1386 1828 1430 veri-

332 1453 435 1497 tatis
447 1454 744 1499 enucliacionis
758 1456 859 1499 licet
874 1457 1040 1500 novitas
1052 1455 1293 1499 favorabilis
1308 1455 1377 1506 sit,
1389 1457 1431 1498 et
1442 1453 1693 1496 multorum⁸
1707 1467 1828 1496 aures

334 1519 616 1573 auffiencium,
645 1521 858 1578 principes
886 1527 1030 1566 tamen
1056 1525 1100 1565 et
1127 1521 1291 1578 praelati
1321 1524 1364 1564 et
1392 1520 1466 1563 alii
1494 1519 1576 1562 viri
1604 1518 1755 1561 famosi
1782 1519 1830 1561 in

334 1585 481 1629 multis
510 1590 554 1629 et
582 1587 726 1631 arduis
759 1588 987 1631 mundanae
1020 1587 1354 1631 conversacionis
1383 1586 1580 1642 negociis,
1609 1598 1658 1628 ac
1692 1584 1827 1627 eciam

332 1650 380 1693 in
398 1652 668 1696 evitabilibus
688 1654 989 1697 vexacionibus
1008 1653 1242 1710 plurimum
1261 1656 1305 1695 et
1323 1651 1611 1707 multiphariis
1631 1650 1828 1706 occupati

333 1730 420 1760 non
442 1721 641 1774 potenmt
661 1719 753 1763 sine
778 1721 896 1775 gravi
915 1734 1053 1776 poena,
1072 1733 1167 1776 quae
1186 1718 1437 1761 multociens
1456 1717 1632 1760 taedium
1651 1716 1829 1768 inducit,

333 1787 377 1826 et
405 1783 457 1827 de
486 1785 681 1828 cordibus
711 1786 982 1829 audiencium
1015 1785 1252 1842 appetitum
1286 1783 1488 1827 audiendi
1521 1781 1746 1838 extinguit,
1775 1781 1829 1824 ad

333 1850 464 1892 tantae
496 1850 754 1906 prolixitatis
784 1851 995 1903 volumen,
1023 1854 1149 1907 prout
1177 1851 1225 1893 in
1257 1850 1421 1906 magnis
1452 1848 1642 1892 Cronicis
1671 1847 1726 1890 ad
1757 1861 1830 1890 ex-

333 1915 588 1971 perienciam
626 1917 832 1969 videmus,
862 1918 1083 1960 diuturnas
1122 1930 1243 1960 aures
1284 1914 1562 1959 accomodare.
1633 1913 1828 1956 Intencio

334 1980 465 2037 igitur
483 1983 664 2026 auctoris
684 1987 760 2036 est,
781 1997 879 2027 cum
898 1983 1157 2027 correccione
1176 1982 1347 2025 illorum
1365 1994 1543 2037 quorum
1563 1980 1740 2023 interest
1758 1978 1829 2022 vel

334 2047 538 2092 interesse
582 2049 739 2105 poterit
784 2049 1104 2105 quomodolibet
1146 2049 1193 2091 in
1235 2049 1440 2099 futurum,
1487 2058 1832 2101 unamquamque

335 2115 554 2157 materiam
573 2115 725 2158 utilem
744 2120 788 2158 et
810 2115 1070 2159 fructuosam
1091 2115 1138 2157 in
1160 2114 1324 2171 magnis
1347 2116 1622 2156 memoratam
1649 2112 1834 2154 breviter

336 2183 380 2222 et
418 2181 725 2236 compendiose,
758 2181 898 2238 gracia
929 2181 1114 2238 Spiritus
1159 2180 1305 2224 Sancti
1352 2181 1612 2235 cooperante,
1649 2181 1831 2233 tangere.

336 2246 395 2288 Et
413 2260 511 2289 cum
530 2248 686 2290 frustra
715 2248 794 2291 sit⁴
817 2261 892 2304 per
914 2246 1065 2304 plura,⁶
1084 2246 1198 2303 quod
1226 2246 1317 2289 fieri
1345 2245 1501 2302 poterit
1529 2258 1605 2300 per
1622 2243 1833 2300 pauciora,

336 2312 535 2355 effectum
571 2314 906 2370 uniuscujusque
942 2314 1140 2364 materiae,
1183 2317 1387 2368 tanquam
1424 2324 1572 2354 musca
1607 2308 1746 2352 mellis
1784 2308 1832 2350 in

337 2378 509 2421 floribus
528 2393 783 2435 camporum,
803 2394 852 2423 ea
870 2393 965 2436 quae
984 2379 1039 2422 ad
1057 2379 1339 2422 ostensionem
1358 2378 1620 2421 affectualem
1637 2374 1831 2418 veritatis

337 2443 399 2486 rei
417 2444 608 2499 gerendae
626 2445 815 2488 sufficere
833 2446 1043 2497 videntur,
1063 2445 1221 2500 absque
1243 2444 1369 2500 longo
1392 2456 1588 2499 processu
1610 2444 1656 2484 et
1681 2439 1828 2483 multi-

335 2509 492 2565 loquio,
515 2524 610 2566 quae
628 2518 960 2567 nonnuncquam
989 2511 1279 2554 confusionem
1298 2514 1342 2552 et
1360 2509 1536 2552 taedium
1554 2505 1829 2556 detulerunt,⁶

338 2576 439 2619 flore
453 2576 657 2619 inviolato
671 2580 954 2633 permanente,
966 2576 1189 2628 enucliare,
1201 2575 1350 2619 elicere
1365 2578 1408 2618 et
1423 2573 1651 2629 explicare;
1670 2585 1718 2614 ac
1730 2571 1830 2614 inde

340 2642 637 2698 compendium
664 2642 948 2694 Cronicarum,
968 2642 1022 2685 ad
1041 2642 1291 2698 appetitum,
1310 2640 1621 2684 ordinacionem
1640 2642 1685 2682 et
1710 2651 1830 2680 man·

339 2706 489 2750 datum
507 2708 760 2751 venerabilis
779 2708 825 2750 in
846 2707 1014 2752 Christo
1033 2707 1167 2763 patris
1187 2720 1235 2750 ac
1254 2705 1430 2749 Domini
1448 2703 1508 2748 D⁷
1735 2717 1830 2759 per-

339 2774 540 2818 missione
555 2775 700 2817 divina
714 2775 879 2818 abbatis
893 2774 1137 2817 monasterii
1152 2773 1203 2816 de
1218 2771 1504 2828 Dunfermlyn
1518 2784 1632 2813 nunc
1646 2769 1828 2825 regentis

385 2925 398 2948 ¹
414 2926 453 2960 B.
471 2928 567 2960 omits
582 2929 629 2960 et.
872 2923 887 2946 ²
901 2925 940 2959 B.
959 2924 1241 2959 diffendentibus.
1531 2920 1546 2943 ³
1561 2922 1601 2956 B.
1620 2920 1817 2955 mulcentur

385 2972 400 2995 ⁴
416 2974 454 3007 B.
472 2973 523 3008 fit.
686 2970 702 2995 ⁶
718 2972 757 3007 B.
775 2972 934 3017 plurima.
1075 2970 1090 2994 ⁶
1106 2971 1145 3006 B.
1164 2970 1345 3006 inducunt.
1532 2967 1546 2991 ⁷
1564 2969 1601 3003 B.
1622 2970 1718 3002 omits
1734 2968 1777 3002 D.
