2008 3360
736 292 862 324 LIBER
882 291 1084 324 DECIMUS.
1581 285 1662 324 353

162 411 335 440 manum
355 411 504 442 meam.
564 397 666 440 Ideo
696 398 864 440 eosdem
892 397 1118 440 animando
1148 401 1192 441 et
1211 397 1484 440 confortando
1514 397 1662 440 exhor-

161 456 331 498 tabatur
368 459 419 497 ut
456 455 541 511 ipsi
578 455 678 498 inde
716 456 904 499 facerent
941 456 1156 507 virtutem,
1195 459 1239 498 et
1277 455 1368 498 sine
1407 455 1537 498 dubio
1571 456 1663 510 ipse

160 513 372 555 Dominus
392 513 447 555 ad
466 513 675 556 nichilum
694 513 920 557 deduceret
938 514 1133 557 inimicos
1153 527 1297 556 eorum
1325 517 1369 556 et
1396 512 1661 556 tribulantes.

161 570 246 621 Qui
266 571 488 614 Vallenses
517 572 578 614 sic
598 572 776 614 animati
801 572 856 614 ad
883 572 1100 614 hortatum
1129 572 1266 614 sancti
1293 572 1386 622 viri,
1415 574 1460 614 et
1487 571 1534 613 in
1563 584 1663 613 con-

159 629 412 671 fessionibus
433 633 476 671 et
488 629 751 672 oracionibus
767 629 825 672 et1
840 630 1080 677 elemosinis
1100 630 1160 672 sic
1185 629 1409 672 confortati
1428 642 1503 685 per
1521 642 1661 684 recep,-

159 687 324 729 cionem
344 687 451 729 sacri
471 687 667 743 Corporis
687 688 905 730 Dominici
924 688 1042 730 omni
1061 688 1308 742 septimana,
1320 687 1435 742 quod
1449 686 1560 729 infra
1574 690 1660 729 tres

159 757 291 787 annos
312 758 457 787 omnes
478 759 623 787 eorum
651 745 847 788 inimicos
876 745 929 788 de
963 745 1149 788 naturali
1180 745 1270 788 solo
1299 745 1588 801 expulserunt,
1617 747 1661 787 et

159 803 303 844 omnia
330 816 406 858 per
433 816 574 858 regem
606 803 776 859 Angliae
811 807 936 858 capta
964 807 1008 845 et
1041 803 1267 846 fortificata
1301 803 1489 858 exceptis
1522 802 1660 844 tribus

157 865 509 915 recuperaverunt
533 864 576 903 et
601 861 654 903 ad
675 865 830 903 terram
855 861 1050 903 funditus
1079 865 1420 916 prostraverunt:
1448 860 1532 902 tria
1559 873 1659 902 vero

158 922 295 960 castra
307 918 654 974 inexpugnabilia
665 918 716 962 s?
726 918 937 961 Abirhust
942 919 1298 974 Wiche,Conway
1313 923 1356 961 et
1372 917 1659 961 Hardlawch.3

158 975 248 1018 Istc
268 990 366 1018 vero
386 976 618 1018 monochus
637 977 721 1019 fuit
739 977 868 1019 abbas
888 977 1231 1032 Glomorganciae,
1247 976 1445 1019 Pouwale
1474 976 1659 1025 nomine,

158 1034 234 1087 qui
253 1034 342 1075 dux
372 1034 580 1076 exercitus
613 1034 697 1076 fuit
726 1035 917 1089 ipsemet.
978 1035 1249 1090 Quinymmo,
1283 1037 1380 1090 post
1408 1034 1657 1089 hujusmodi

157 1091 380 1133 victoriam
398 1092 446 1133 in
464 1092 583 1134 brevi
613 1092 830 1147 tempore,4
848 1093 1004 1135 iterum
1018 1093 1066 1134 in
1089 1092 1366 1143 vanitatibus,
1395 1092 1591 1147 superbia
1614 1095 1658 1133 et

157 1149 204 1189 in
223 1149 418 1191 omnibus
433 1149 556 1191 viciis
572 1163 597 1191 a
611 1149 796 1191 Domino
812 1150 905 1193 Deo
919 1150 1063 1193 taliter
1076 1150 1303 1201 fluxerunt,
1316 1150 1431 1205 quod
1445 1149 1658 1191 Dominus

152 1206 296 1260 justus
316 1206 526 1249 conclusit
544 1220 615 1248 eos
635 1207 791 1249 iterum
810 1208 858 1249 in
876 1221 1028 1251 manus
1048 1208 1222 1258 inimici,
1247 1211 1290 1250 et
1319 1208 1527 1250 dominati
1557 1211 1657 1249 sunt

156 1277 302 1306 eorum
321 1265 396 1319 qui
417 1264 597 1307 oderunt
617 1278 699 1308 eos.

154 1418 367 1475 Sequitur
385 1420 433 1465 112
452 1421 644 1466 transitu
662 1421 834 1466 comitis
855 1421 1080 1475 §urbanis
1101 1422 1151 1466 ah
1173 1422 1364 1473 &allisa
1386 1422 1556 1466 missus
1580 1435 1654 1476 3121·

324 1487 635 1541 gubernatutzm
654 1487 701 1531 in
721 1487 966 1532 znhzihium
984 1488 1371 1542 &tanturm—et.
1393 1494 1484 1533 xxh.

154 1578 391 1644 ,HNNO
421 1596 597 1638 Domini
626 1601 679 1637 Μ0
698 1601 811 1639 6666ο
841 1596 1003 1639 (16611110
1041 1597 1087 1639 ix
1135 1599 1309 1652 captum
1357 1599 1422 1638 est
1464 1599 1650 1638 castrum

152 1654 205 1695 de
234 1654 367 1696 Werk
395 1667 470 1708 per
487 1652 755 1696 Willelmum
789 1654 841 1697 de
872 1654 1186 1697 Haliburtoune
1219 1654 1272 1696 (16
1305 1653 1564 1706 Fastcaste13
1606 1657 1650 1695 et

151 1714 298 1766 postea
335 1711 561 1766 proditorie
599 1711 800 1767 deceptus
838 1725 913 1767 per
950 1712 1171 1754 dominum
1209 1712 1441 1754 Robertum
1480 1711 1579 1767 Ogil
1607 1715 1652 1753 et

152 1769 401 1811 interfectus
417 1773 493 1820 est,
508 1768 567 1811 et⁵
579 1783 677 1811 cum
689 1783 738 1811 eo
753 1770 895 1812 xxiiii⁶
909 1770 1026 1812 Scoti
1040 1769 1219 1812 nobiles⁷
1231 1769 1335 1812 viri:
1363 1769 1584 1811 tractando
1599 1769 1653 1811 de

153 1827 268 1882 pacis
289 1826 509 1869 concordia
538 1827 618 1870 sub
644 1828 881 1878 securitate,
900 1828 1108 1870 miserunt
1136 1827 1269 1870 scalas
1298 1827 1352 1869 ad
1380 1827 1654 1882 posteriorem

153 1888 318 1939 partem
338 1884 475 1936 castri,
495 1884 590 1927 aliis
619 1899 706 1927 non
726 1885 1054 1937 advertentibus,
1074 1899 1148 1941 per
1167 1885 1301 1928 scalas
1331 1884 1560 1927 canubias:
1599 1887 1654 1936 et,

154 1946 278 1998 capto
298 1946 448 1994 castro,
466 1942 696 2009 decapitati
716 1947 818 1985 sunt
837 1957 983 1986 omnes
1002 1944 1050 1985 in
1069 1957 1118 1986 eo
1139 1943 1381 1994 existentes,
1411 1946 1455 1985 et
1483 1956 1655 1998 corpora

150 2005 271 2042 extra
289 2014 430 2043 muros
449 2001 637 2056 projecta
656 2001 881 2044 crudeliter
909 2005 953 2044 et
971 2001 1256 2056 despectuose.
1314 2000 1442 2042 Anno
1471 2000 1649 2042 Domini

153 2063 205 2099 Μο
218 2063 336 2100 6666ο
347 2073 407 2100 xx
426 2058 547 2100 missi
567 2062 669 2100 sunt
687 2059 835 2101 nuncii
854 2073 879 2101 a
897 2073 993 2115 rege
1012 2059 1201 2102 Franciae
1220 2059 1378 2101 Karolo
1394 2058 1574 2113 septimo
1600 2057 1655 2100 ad

152 2116 474 2170 gubernatorem
509 2116 677 2168 Scociae,
715 2117 912 2159 Albaniae
952 2118 1114 2169 ducem,
1153 2130 1229 2172 pro
1268 2129 1470 2159 succursu
1509 2119 1655 2158 contra

153 2173 391 2215 Henricum
428 2173 639 2228 quintum,
678 2178 782 2217 tunc
815 2188 994 2230 regnum
1027 2175 1215 2217 Franciae
1248 2174 1524 2217 invadentem
1557 2187 1656 2216 cum

152 2245 306 2286 magna
317 2235 574 2273 armatorum
588 2231 876 2283 multitudine,
893 2232 1034 2275 omnia
1049 2233 1336 2288 captivantem
1349 2235 1392 2274 et
1402 2235 1654 2275 vastantem.

154 2289 240 2339 Qui
277 2289 540 2344 gubernator,
580 2290 820 2332 convocatis
850 2290 988 2332 tribus
1021 2290 1140 2346 regni
1174 2290 1368 2340 statibus,
1393 2289 1533 2331 filium
1563 2290 1655 2344 ejus

1681 1610 1748 1635 A.D.
1767 1603 1854 1635 1419.

1677 2078 1707 2100 A.
1711 2076 1743 2101 D.
1763 2069 1849 2101 1420.

151 2347 182 2388 J
185 2347 395 2389 ohannem
414 2347 615 2389 comitem
635 2347 877 2398 Buchaniae‚
897 2361 996 2390 cum
1016 2361 1064 2390 eo
1084 2347 1367 2390 Archibaldus
1380 2347 1432 2390 (16
1452 2347 1654 2403 Douglas,
1685 2358 1688 2361 ·

151 2404 455 2460 primogenitus
494 2404 662 2447 comitis
701 2404 891 2460 ejusdem
928 2409 972 2448 et
1009 2419 1140 2461 nepos
1180 2405 1286 2448 dicti
1325 2405 1457 2456 ducis,
1491 2419 1590 2447 cum
1624 2420 1654 2447 x

151 2462 343 2504 millibus
382 2465 639 2504 armatorum
676 2463 920 2505 notabiliter
948 2466 1277 2519 praeparatorum
1315 2462 1514 2518 expensis
1547 2462 1653 2505 dicti

151 2520 260 2575 regis
299 2521 566 2571 Francorum,
604 2520 746 2562 missis
779 2521 960 2564 navibus
993 2524 1084 2563 tam
1123 2521 1175 2564 de
1213 2521 1391 2564 Francia
1430 2534 1560 2575 quam
1599 2520 1652 2563 de

152 2578 364 2633 Hispania
397 2578 511 2633 apud
549 2577 712 2620 dictum
751 2578 907 2621 Scociae
944 2592 1120 2634 regnum
1158 2592 1235 2635 pro
1275 2579 1390 2622 dicta
1428 2578 1652 2621 nobilitate

152 2635 345 2678 ducenda
382 2649 529 2678 versus
568 2635 731 2678 dictum
767 2649 907 2692 regem
945 2637 1142 2679 Franciae.
1203 2637 1289 2689 Qui
1326 2650 1425 2679 cum
1466 2636 1652 2678 maxima

151 2693 306 2735 laeticia
324 2693 482 2749 recepti
508 2693 638 2746 sunt?
656 2693 767 2736 datis
801 2694 1066 2750 principibus
1097 2694 1278 2737 ducibus
1308 2694 1519 2737 exercitus
1547 2693 1652 2735 locis

212 2816 225 2838 ¹
242 2816 279 2850 C.
298 2817 337 2852 Ε
355 2828 404 2851 ae.
690 2816 705 2838 2
721 2817 758 2852 C.
778 2818 818 2852 Ε.
836 2819 917 2852 omit
933 2818 997 2851 chia
1012 2819 1116 2854 word.
1274 2817 1289 2840 3
1305 2819 1343 2853 Β.
1364 2816 1555 2851 Hardlach.

212 2862 227 2884 ⁴
243 2864 279 2897 O.
299 2865 338 2898 E.
357 2864 430 2898 add
444 2864 527 2908 ipse.
690 2863 705 2886 ⁵
721 2865 758 2899 C.
777 2866 874 2899 omits
888 2869 952 2906 est,
971 2868 1016 2900 et.
1274 2864 1288 2886 Β
1304 2865 1340 2899 C.
1361 2865 1399 2898 E.
1419 2863 1514 2897 xxiii.

212 2908 226 2931 ⁷
244 2911 281 2944 O.
300 2911 343 2944 D.
361 2911 400 2945 E.
420 2912 604 2946 notabiles.

210 2955 225 2977 ⁸
241 2957 278 2991 C.
297 2958 337 2991 Ε.
355 2958 427 2992 add
442 2958 479 2991 in
494 2959 641 2993 Francia
657 2961 693 2993 et
714 2958 893 3004 magnifice
910 2959 1131 2993 remunerati.

886 3020 908 3049 Z
