2014 3354
346 330 436 358 XXX
841 328 1058 360 APPENDIX
1076 329 1129 361 ΤΟ
1149 329 1350 361 PREFACE.

350 431 550 486 Sequitur
568 431 620 474 de
640 422 1054 488 Scociae'regionibus
1074 432 1185 488 ymis
1212 436 1256 475 et
1276 433 1558 488 superioribus
1575 449 1585 486 3
1614 436 1657 476 et
1676 433 1729 475 de
1748 445 1842 474 con-

463 497 594 539 tentis
613 497 660 538 in
680 497 848 540 eisdem.
1422 497 1673 552 etapitnlnm
1691 497 1783 542 biii.

536 588 621 621 Post
642 588 709 621 olei
734 588 787 629 (ib.
816 599 849 631 p.
875 590 932 629 41,
956 587 979 621 1.
1001 589 1054 629 15)
1085 589 1132 622 sic
1159 588 1278 631 kqitwr
1290 589 1417 623 :—nisi
1443 600 1647 633 magnorum
1672 587 1820 633 piscium
1834 599 1845 628 3

583 643 696 676 mellis
708 654 790 676 vero
806 646 842 676 et
859 654 945 676 cerae
961 644 999 676 in
1013 642 1256 677 habundancia
1271 654 1341 677 non
1357 646 1411 678 est
1427 644 1573 687 copiosa.

537 698 621 731 Post
637 698 759 731 coloris
777 699 829 739 (ib.
848 698 869 732 L
890 698 948 739 27)
965 700 1011 731 εἰσ
1026 700 1219 732 .·—montes
1242 701 1278 732 et
1294 710 1397 742 rupes
1413 698 1660 742 dyamantibus
1682 696 1847 742 pulcerri-

586 754 653 786 mis
669 753 826 796 insigniti
843 765 851 794 ς
875 753 914 785 in
929 753 1083 786 conchiis
1099 764 1269 797 aquarum
1292 754 1448 787 dulcium
1463 751 1848 798 margaritaepreciosis·

585 807 679 841 simae
703 808 990 851 splendidissimae
1014 809 1051 841 in
1073 819 1198 852 magna
1221 809 1320 852 copia
1342 809 1573 853 reperiuntur,
1598 819 1677 842 cum
1698 806 1850 841 cristallo

585 866 623 896 et
635 862 809 897 alabastro
826 866 863 896 et
874 863 952 897 aliis
964 864 1140 908 lapidibus
1151 864 1321 907 preciosis.
1362 864 1499 898 Ibidem
1510 865 1618 898 eciam
1629 862 1851 907 reperiuntur

584 917 777 958 ferrifodia,
794 917 1023 961 plumbicidia
1038 921 1074 952 et
1089 919 1235 952 aliorum
1251 920 1472 953 metallorum
1486 919 1642 960 minaria,
1659 929 1737 962 quae
1759 927 1850 961 quae-

586 972 744 1005 rentibus
761 983 852 1016 saepe
868 975 988 1016 patere
1005 973 1179 1007 videntur.
1228 974 1331 1007 Unde
1347 974 1525 1014 Erodicus,
1546 978 1601 1007 etc.

540 1025 624 1060 Post
646 1026 721 1059 dies
739 1028 791 1068 (ib.
810 1027 832 1062 l.
852 1027 910 1069 37)
927 1029 974 1061 sic
990 1031 1086 1063 :—et
1109 1031 1228 1062 noctes
1251 1028 1360 1063 habet
1373 1029 1592 1062 brevissimas
1607 1027 1637 1069 3¹
1661 1026 1853 1061 octodecim

586 1092 669 1115 vero
685 1082 849 1116 horarum
868 1083 975 1117 habet
991 1083 1030 1116 in
1045 1086 1167 1117 aestate
1190 1084 1273 1125 dies,
1291 1084 1328 1117 in
1343 1084 1510 1127 principio
1526 1083 1650 1117 Cancri
1667 1095 1675 1124 ;
1699 1081 1853 1126 hyemali

586 1147 669 1170 vero
684 1139 839 1181 tempore
854 1149 916 1182 per
931 1149 993 1172 sex
1004 1138 1105 1172 horas
1121 1138 1228 1173 habet
1244 1139 1318 1173 dies
1334 1139 1371 1172 in
1386 1138 1614 1183 longitudine,
1630 1138 1667 1171 in
1682 1136 1852 1182 principio

588 1192 795 1236 Capricorni,
813 1193 1016 1227 brevissimo
1032 1194 1089 1227 die
1104 1194 1241 1238 yemali.

481 1269 483 1271 -
540 1246 622 1281 Post
636 1247 818 1281 duodecim
837 1249 889 1289 (ib.
908 1259 941 1292 p.
955 1250 1012 1289 42,
1029 1248 1052 1283 1.
1067 1250 1101 1290 2)
1118 1250 1166 1282 εἰσ
1179 1250 1274 1282 :—et
1297 1259 1369 1282 nox
1391 1248 1540 1282 totidem
1552 1260 1563 1288 ;
1587 1248 1624 1281 in
1640 1246 1853 1281 Alexandria

587 1312 669 1335 vero
684 1302 831 1347 AEgypti
846 1303 920 1337 dies
936 1303 1043 1337 habet
1059 1303 1122 1336 xiii
1133 1303 1235 1337 horas
1251 1306 1287 1337 et
1303 1315 1372 1337 nox
1387 1303 1494 1337 habet
1509 1303 1555 1337 xi.

357 1398 556 1454 Sequitur
590 1398 642 1441 de
676 1398 883 1441 divisione
917 1399 1113 1454 gencium
1152 1399 1309 1442 Scociae
1341 1403 1384 1442 et
1415 1400 1683 1455 linguarum;
1712 1412 1761 1441 ac
1800 1398 1852 1440 de

471 1464 647 1506 diversis
667 1464 854 1507 moribus
875 1465 1111 1507 earundem.
1429 1464 1682 1520 OEapitulnm
1699 1463 1756 1508 ix.

359 1564 559 1620 Sequitur
578 1563 630 1606 de
648 1563 801 1607 insulis
822 1564 977 1607 Scociae
997 1564 1147 1607 divisis
1168 1564 1222 1606 ab
1243 1564 1476 1607 Orcadibus
1495 1563 1657 1606 insulis.

1427 1628 1678 1684 Qtapitnlum
1697 1641 1734 1672 x.

361 1729 561 1784 Sequitur
580 1729 631 1771 de
651 1728 803 1771 insulis
825 1728 1066 1771 Orcadibus.
1426 1726 1677 1783 OEapitnlum
1695 1725 1753 1771 xi.

360 1828 561 1883 Sequitur
594 1828 646 1870 de
680 1832 868 1883 tempore
883 1828 981 1883 'quo
1015 1827 1240 1883 Fergusius
1269 1828 1382 1870 filius
1416 1826 1622 1877 Fercardi‚
1649 1840 1725 1869 rex
1758 1825 1857 1868 Sco-

474 1896 626 1944 torum,
659 1893 778 1948 prius
817 1893 864 1935 in
898 1893 1044 1936 Scocia
1077 1907 1248 1949 regnare
1282 1893 1422 1949 coepit,
1451 1898 1495 1935 et
1528 1892 1655 1934 armis
1689 1891 1779 1946 ejus
1815 1896 1857 1933 et

476 1959 644 2002 actibus
663 1959 838 2002 bellicis.
1431 1956 1683 2012 OEapitnlnm
1701 1955 1776 2000 xii.

547 2050 631 2084 Post
642 2050 801 2084 Albaniae
820 2050 873 2093 (ib.
891 2060 925 2094 p.
937 2049 1027 2091 45,1.
1042 2051 1099 2092 10)
1112 2050 1181 2084 haec
1196 2050 1318 2084 addita
1332 2054 1408 2083 eunt
1421 2048 1574 2092 .·—quod
1589 2048 1719 2082 dicitur
1732 2047 1859 2082 Drum-

595 2105 718 2139 alwan.

364 2192 565 2247 Sequitur
594 2191 647 2234 de
676 2205 772 2247 rege
792 2190 959 2242 Richar,
979 2192 1070 2247 ejus
1090 2191 1308 2247 abnepote,
1328 2205 1455 2247 quem
1473 2190 1724 2233 venerabilis
1745 2189 1862 2233 Beda

478 2257 672 2299 Reudam
690 2260 824 2300 vocat.
1435 2254 1689 2311 Glapitulum
1707 2255 1800 2300 xiii.

367 2363 570 2419 Sequitur
589 2363 641 2405 de
660 2363 824 2418 legibus
845 2377 870 2405 a
888 2363 919 2405 J
921 2363 1008 2405 ulio
1029 2363 1192 2406 Caesare
1210 2362 1351 2405 missis
1371 2362 1425 2405 ad
1443 2375 1559 2418 reges
1580 2362 1800 2404 Scotorum
1819 2363 1862 2403 et

480 2429 714 2480 Pictorum,
734 2432 783 2470 ut
802 2428 1005 2471 Romanis
1025 2429 1243 2472 obedirent
1261 2442 1330 2471 eos
1351 2427 1618 2471 exhortando.

1437 2491 1691 2547 Glapitnlnm
1710 2491 1822 2536 xiiii.

368 2602 571 2658 Sequitur
601 2601 653 2644 de
679 2601 890 2657 responsis
910 2600 1139 2643 eorundem
1157 2615 1297 2657 regem
1324 2599 1551 2642 literatorie
1570 2599 1601 2642 J
1602 2598 1688 2640 ulio
1708 2598 1864 2641 Oaesari

479 2668 675 2710 remissis.
1432 2663 1683 2719 Glapitulnm
1701 2669 1764 2708 κὴ.

371 2767 574 2823 Sequitur
612 2766 664 2809 de
702 2765 922 2821 repentino
957 2766 987 2808 J
989 2765 1068 2807 ulii
1105 2765 1245 2807 reditu
1282 2767 1452 2820 propter
1483 2764 1738 2806 Francorum
1775 2763 1866 2807 sive

485 2833 706 2875 Gallorum
746 2832 941 2874 iteratam
979 2831 1251 2874 rebellionem
1284 2830 1540 2882 cedandam3
1583 2834 1626 2872 et
1659 2829 1711 2872 de
1745 2829 1864 2884 signo

831 2967 844 2989 ¹
861 2968 1087 3002 Brevissimas
1104 2969 1138 3001 in
1154 2969 1288 3010 maryin
1305 2967 1399 3000 later.
