2008 3360
713 344 840 376 LIBER
859 344 1063 377 OCTAVUS.
1574 337 1593 374 1
1602 335 1654 374 33

146 467 222 497 rex
240 452 408 509 Angliae
427 452 594 495 mistice
613 450 934 508 quodammodo,
954 454 998 493 et
1015 453 1156 501 tenue,
1172 454 1216 493 et
1230 449 1353 506 quasi
1371 463 1459 492 non
1477 448 1658 501 feriose,²

146 512 278 568 peciit
306 512 516 554 directum
535 510 773 553 dominium
797 509 918 566 regni
945 508 1090 552 Scocie
1116 508 1210 560 sibi,
1238 513 1289 551 ut
1316 508 1508 559 asseruit,
1527 508 1659 563 perti-

146 574 331 621 nentem,
344 569 702 625 quemadmodum
720 568 1044 624 praedecessores
1064 566 1143 618 sui,
1162 581 1238 622 per
1256 566 1465 609 solemnes
1484 566 1659 609 eviden-

147 627 234 671 cias
254 628 460 670 hactenus
482 640 607 682 super
625 625 723 669 11002
738 626 917 676 habitas,
931 624 1116 681 poterat-⁹»
1133 625 1276 681 palam
1294 625 1516 668 declarare.
1576 624 1660 667 Cui

146 686 333 729 breviter
352 690 396 728 et
425 685 566 727 subito
594 698 671 740 per
690 684 936 740 episcopm
962 683 1267 726 Glascuensem
1294 696 1545 739 responsum
1573 682 1660 724 fuit

147 743 274 799 quod,
303 744 356 786 ab
385 743 515 785 inicio
535 747 579 785 et
599 743 716 785 omni
748 746 938 797 tempore
971 742 1025 784 ab
1055 741 1170 793 olim,
1198 754 1378 797 regnum
1407 741 1565 784 Scociae
1596 740 1661 783 ita

145 801 331 845 liberum
359 801 473 853 fuit,⁴
491 800 607 856 quod
634 799 757 851 nulli,
777 799 863 842 nisi
892 799 972 842 soli
1000 799 1095 842 Deo
1116 802 1159 842 et
1178 799 1270 842 eius
1299 799 1348 841 in
1366 799 1489 842 terris
1517 801 1659 855 potes-

147 863 283 902 tatem
316 859 503 910 habenti,
531 859 579 900 in
611 857 807 913 homagio
829 857 902 899 vel
932 870 1200 913 quocumque
1234 857 1458 900 tenebatur
1486 857 1659 900 tributo.

149 918 236 969 Qui
266 917 488 973 episcopus
508 916 562 959 ad
581 916 667 959 huc
687 914 1008 971 superaddendo
1038 915 1247 971 adjunxit,
1267 915 1437 958 dicens:
1468 919 1491 936 “
1505 915 1542 958 O
1561 917 1661 957 rex!

147 989 224 1032 ego
260 975 335 1031 qui
367 975 519 1031 loquor
552 973 606 1017 de
643 974 764 1016 libris
799 978 844 1016 et
876 973 1055 1015 cronicis
1093 973 1334 1030 Anglorum
1372 972 1583 1029 extirpsi,⁵
1617 977 1662 1015 et

147 1035 365 1090 signanter
393 1033 446 1075 de
480 1032 600 1074 libris
631 1031 783 1082 Gssdae,
812 1030 927 1086 quod
960 1044 1140 1086 regnum
1172 1031 1410 1074 Scotorum.
1429 1031 1514 1073 fuit
1546 1031 1662 1074 inter

147 1096 299 1134 caetera
317 1105 446 1147 regna
465 1093 672 1133 terrarum
690 1089 845 1141 nobile,
864 1089 984 1140 forte,
1003 1094 1155 1144 potens
1170 1104 1180 1142 ;
1214 1089 1336 1144 cujus
1354 1089 1475 1145 regni
1494 1089 1660 1132 nobiles

147 1154 191 1192 et
218 1149 380 1200 incolae,
409 1149 609 1191 naciones
639 1161 735 1203 quae
764 1147 990 1203 sequntur⁸
1016 1147 1064 1189 vi
1092 1151 1137 1190 et
1164 1147 1326 1189 virtute
1355 1152 1662 1203 expugnantes,

146 1221 196 1250 ac
220 1207 379 1250 eisdem
399 1210 441 1249 et
461 1220 607 1249 eorum
626 1205 810 1248 maliciis
831 1209 875 1248 et
893 1204 1126 1247 insultibus
1152 1205 1427 1260 nequissimis
1449 1210 1492 1248 et
1512 1205 1661 1248 crude-

145 1265 321 1307 lissimis
347 1265 604 1317 resistentes,
625 1264 677 1307 de
697 1264 812 1306 dicto
841 1277 970 1321 regno
999 1263 1186 1306 finaliter
1203 1263 1340 1306 victos
1365 1267 1410 1306 et
1440 1268 1661 1319 superatos

146 1323 428 1379 expulerunt3
456 1322 572 1365 unde
590 1336 762 1366 versus:

283 1398 393 1448 ,Post
411 1397 620 1449 Britones‚
638 1397 828 1448 Noricos,
848 1396 1004 1449 Pictos,
1022 1395 1275 1453 Datosque‚⁷
1294 1397 1522 1449 Romanos,

344 1456 559 1499 Nobiliter
578 1455 695 1499 Scoti
708 1456 782 1512 jus
801 1460 975 1499 tenuere
994 1455 1156 1499 suum.”

147 1539 272 1591 Quod
292 1539 469 1582 audiens
497 1554 584 1590 rex,
603 1539 731 1581 finxit
750 1552 795 1582 se
814 1538 984 1594 longius
1013 1538 1086 1590 110,
1107 1542 1152 1581 et
1170 1537 1224 1581 de
1242 1552 1444 1594 responso
1463 1537 1659 1594 praesulis

144 1612 232 1640 non
251 1597 439 1640 multum
460 1611 614 1648 curare,
635 1597 710 1640 sed
730 1597 784 1639 ad
803 1596 1151 1639 reformacionem
1169 1597 1289 1652 regni
1312 1597 1471 1639 Scociae
1490 1610 1661 1639 omnem

146 1669 268 1698 suam
287 1655 559 1711 diligenciam
578 1655 800 1708 adhibere3
830 1659 884 1705 et,
904 1654 957 1697 de
977 1654 1070 1710 ejus
1089 1654 1301 1710 peticione
1330 1654 1515 1710 amplius
1535 1655 1661 1710 quasi

145 1727 232 1756 non
252 1713 449 1764 curando,
468 1713 598 1755 aliam
615 1713 838 1755 materiam
867 1712 1020 1755 callide
1039 1712 1291 1763 introduxit,
1309 1713 1388 1755 viz.
1408 1712 1596 1768 praelatis
1616 1716 1661 1755 et

144 1772 387 1827 proceribus
415 1771 535 1827 regni
564 1770 722 1814 Scociae
752 1770 1031 1826 supplicando
1055 1774 1266 1826 quatenus
1298 1770 1384 1825 ipsi
1413 1770 1528 1825 apud
1557 1770 1660 1812 Ber-

143 1829 301 1871 wicum
335 1828 466 1872 certo⁸
495 1829 676 1872 termino
709 1828 964 1884 assignando
995 1828 1284 1879 convenirent,
1315 1833 1359 1871 et
1388 1828 1550 1870 ibidem
1582 1841 1659 1883 pro

145 1891 259 1930 certo
288 1887 622 1930 declaracionem
647 1887 836 1929 materiae
856 1887 1069 1942 subjectae,
1087 1885 1187 1929 viz.⁹
1206 1899 1333 1942 super
1351 1885 1659 1928 discussionem

145 1946 393 2000 quaestionis
414 1945 466 1988 de
480 1946 577 2001 jure
596 1945 727 2000 regni,
747 1945 838 1987 sine
866 1944 1065 1987 ulteriore
1088 1944 1310 1995 dilacione,
1329 1943 1502 1986 finalem
1530 1943 1660 1986 habe-

145 2007 263 2046 rent:
299 2003 351 2046 de
386 2017 471 2059 quo
503 2003 720 2046 Scrutator
753 2002 946 2045 cordium
980 2002 1107 2045 scivit
1140 2002 1397 2058 oppositum,
1433 2002 1535 2057 quia
1567 2006 1659 2045 toto

146 2065 304 2103 conatu
333 2061 388 2103 ad
407 2061 662 2104 divisionem
690 2060 903 2112 tendebat,
933 2065 976 2103 et
1004 2074 1092 2102 non
1112 2060 1167 2102 ad
1186 2060 1465 2111 concordiam,
1484 2064 1535 2102 ut
1563 2063 1659 2102 acta

146 2118 327 2174 probant
356 2119 591 2173 sequencia.
652 2119 981 2170 Nichilominus,
1002 2118 1271 2174 magnatibus
1299 2118 1419 2173 regni
1446 2117 1530 2160 sibi
1559 2131 1658 2160 con-

148 2176 447 2226 sentiencibus,
467 2176 582 2231 apud
610 2177 849 2219 Berwicum
877 2176 1137 2218 unanimiter
1165 2176 1477 2226 convenientes,
1501 2175 1661 2217 xxiiiior

147 2233 202 2276 de
240 2233 586 2288 prudencioribus
625 2238 670 2276 et
710 2234 1032 2276 notabilioribus
1071 2234 1347 2289 providisque
1386 2233 1489 2275 viris
1537 2233 1657 2289 regni

147 2292 306 2334 Scociae
335 2296 380 2334 et
407 2291 588 2347 Angliae‚
616 2291 679 2333 xii
708 2292 786 2334 viz.
817 2291 987 2347 Angliae
1017 2295 1062 2333 et
1091 2291 1272 2333 totidem
1303 2291 1472 2342 Scociae‚
1501 2304 1656 2347 magno

147 2353 409 2392 sacramento
439 2349 760 2399 interveniente,
779 2349 834 2391 ad
853 2349 1111 2391 decisionem
1139 2349 1386 2404 quaestionis
1415 2353 1658 2392 memoratae

147 2421 274 2463 super
297 2408 394 2462 jure
423 2407 554 2463 regni,
581 2405 810 2463 eligentis¹⁰
829 2406 1142 2449 constituerunt
1154 2422 1165 2459 ;
1193 2407 1280 2462 qui,
1308 2407 1362 2450 de
1390 2407 1569 2450 veritate
1596 2407 1659 2450 rei

146 2465 339 2521 gerendae
371 2465 689 2521 investigantes,
718 2464 951 2507 Robertum
980 2464 1033 2507 de
1067 2464 1202 2520 Broys
1235 2465 1447 2520 pociorem
1475 2465 1573 2521 jure
1601 2465 1657 2508 ad

147 2523 265 2578 regni
284 2523 618 2578 gubernaculum
636 2521 994 2565 invenenerunt.²1
1042 2522 1136 2565 Rex
1149 2536 1248 2565 vero
1268 2523 1470 2578 quociens
1484 2523 1657 2566 volebat

147 2581 263 2636 apud
282 2582 458 2623 assisam
473 2580 652 2623 electam
669 2581 894 2623 introitum
912 2580 1075 2632 habuit,
1094 2585 1139 2623 et
1157 2581 1301 2623 omnia
1320 2594 1465 2624 eorum
1485 2585 1656 2631 secreta,

148 2638 268 2681 nullo
289 2639 615 2690 contradicente,
627 2638 882 2681 sciscitando
897 2638 1066 2681 sciebat.
1110 2638 1206 2690 Qui,
1220 2639 1526 2695 perpe[n]dens
1542 2639 1657 2694 quod

149 2695 357 2739 Robertus
377 2697 430 2740 de
449 2697 585 2753 Broys
614 2697 675 2739 sic
695 2696 749 2739 ad
767 2710 858 2739 rem
881 2697 954 2752 jus
982 2696 1178 2748 habebat,
1198 2702 1407 2740 secretum
1430 2697 1657 2740 consilium

214 2818 227 2840 ¹
242 2819 283 2853 B.
302 2820 339 2854 C.
357 2822 400 2855 D.
422 2822 458 2856 E.
480 2822 618 2856 seriose.
761 2821 776 2844 ²
791 2822 828 2856 C.
847 2822 887 2856 E.
906 2822 990 2856 haec.
1136 2821 1151 2844 ³
1166 2822 1206 2856 B.
1226 2824 1323 2856 omits
1338 2825 1486 2867 poterat.

215 2865 229 2886 4
244 2866 288 2900 D.
306 2868 395 2901 adde
410 2868 432 2902 i.
451 2880 480 2902 0.
760 2868 774 2891 ⁵
791 2870 828 2903 O.
848 2870 889 2903 D.
909 2870 1071 2914 exterpsi.
1122 2870 1162 2903 E.
1182 2870 1349 2913 excerpsi.

214 2911 229 2933 ⁶
244 2913 283 2946 Β.
301 2918 505 2958 sequuntur.
555 2916 592 2949 Ο.
611 2917 653 2950 D.
673 2916 714 2951 Ε.
732 2920 908 2951 secuntur.
1146 2915 1160 2939 ⁷
1177 2917 1214 2950 G.
1234 2918 1274 2950 E.
1292 2917 1485 2959 Dacosque.

215 2957 230 2980 ⁸
246 2960 288 2994 D.
306 2961 422 2994 tercio.
1146 2961 1161 2984 ⁹
1176 2964 1241 2998 viz.
1260 2965 1295 2996 in
1311 2964 1447 3004 maryin
1465 2963 1559 2996 later.

201 3005 228 3027 ¹⁰
245 3007 283 3043 B.
303 3007 339 3042 G.
358 3008 397 3041 E.
417 3008 596 3053 eligentes.
1128 3009 1156 3031 ¹¹
1174 3010 1211 3045 B.
1231 3011 1267 3045 O.
1288 3011 1329 3045 D.
1349 3011 1388 3044 Ε.
1406 3010 1628 3043 invenerunt.
