2008 3360
370 323 452 363 340
864 328 989 360 mmm
1007 316 1360 360 PLuscARnnnsis.

367 434 564 486 millium,
603 437 647 477 et
683 433 842 476 ibidem
885 436 1128 487 pernoctare
1166 433 1378 487 putantes,
1417 434 1600 473 castrum
1638 431 1690 474 de
1726 430 1850 473 Halis

368 492 605 535 obsedendo
643 494 686 534 et
719 489 960 540 assiliendo‚
996 489 1145 532 villam
1182 488 1375 544 ejusdem
1412 488 1738 532 combusserunt.
1796 489 1853 530 Et

367 549 528 592 ibidem
546 548 616 591 vel
635 562 684 591 eo
703 548 814 590 circa
832 549 1074 603 pernoctare
1092 549 1302 602 putantes,
1316 544 1451 588 coena¹
1466 549 1612 601 parata
1630 559 1726 589 cum
1741 559 1851 588 assa-

369 607 477 649 turis
496 619 582 648 non
595 605 742 661 paucis
761 605 815 647 ad
834 605 976 661 ignem
995 603 1290 660 decoquendiS,
1310 603 1554 659 supervenit
1571 602 1851 645 Archibaldus

368 665 421 706 de
441 663 628 719 Douglas
648 662 762 704 filius
781 676 879 705 cum
898 662 1093 718 potencia
1111 664 1367 704 armatorum
1395 674 1480 703 non
1509 660 1686 712 modica,
1713 663 1756 702 et
1783 673 1852 702 eos

369 720 670 776 transfugando
703 734 838 775 usque
866 733 995 775 prope
1024 719 1260 762 Bel-wicum
1283 723 1328 761 et
1347 718 1469 774 quasi
1497 718 1551 760 ad
1578 721 1718 773 portas
1747 717 1854 772 ejus-

370 778 468 820 dem
487 778 656 821 eosdem
683 777 889 833 repulsit;
922 781 966 819 et
988 776 1136 819 multis
1165 776 1299 832 captis
1328 776 1376 818 in
1403 776 1566 827 itinere,
1584 776 1631 817 in
1658 788 1785 831 parca
1804 774 1855 817 de

370 834 732 891 Cokburnispeth²
750 838 793 878 et
820 834 938 877 alubi
965 832 1244 891 insequendo⁸
1263 833 1465 890 eos[dem]
1496 847 1690 889 magnam
1714 831 1777 874 in4
1796 832 1855 874 eis

370 896 551 950 stragem
581 893 694 944 fecit,
712 896 756 936 et
774 892 981 936 vexillum
1000 892 1161 935 domini
1189 891 1359 935 Thomae
1378 891 1430 935 de
1458 890 1661 934 Taleboth
1680 903 1777 934 cum
1796 889 1856 932 eis

370 955 701 1007 reportaverunt.

427 1132 641 1189 §equitat
656 1133 704 1179 ht
722 1134 850 1178 motin
869 1131 1142 1187 architam?
1161 1131 1208 1176 he
1227 1130 1422 1187 &anglae
1441 1130 1695 1187 aim-nt.
1717 1131 1798 1175 xhi.

371 1242 649 1308 EODEM
663 1271 764 1301 vero
783 1271 894 1300 anno
909 1270 993 1313 quo
1013 1270 1139 1312 supra
1158 1256 1265 1298 obiit
1283 1254 1566 1298 Archibaldus
1585 1253 1637 1296 de
1656 1253 1856 1309 Douglas,

372 1330 510 1359 comes
530 1316 729 1372 ejusdem,
750 1316 825 1371 qui
839 1315 996 1370 justus,
1014 1328 1138 1357 verus
1158 1317 1202 1356 et
1220 1314 1407 1355 famosus
1426 1312 1548 1355 miles
1567 1311 1707 1354 dictus
1726 1315 1791 1353 est
1810 1311 1856 1352 in

371 1379 571 1429 tempore,
600 1387 649 1416 ac
678 1373 767 1428 regi
795 1376 839 1416 et
867 1386 993 1427 regno
1022 1371 1160 1414 fidelis
1189 1374 1234 1414 et
1261 1370 1457 1426 prudens,
1517 1369 1616 1425 Ipse
1644 1382 1755 1420 ver0,
1784 1382 1855 1411 ex-

371 1431 507 1487 pulsis
526 1430 792 1481 monialibus,
806 1429 920 1485 apud
939 1428 1202 1472 Kincludan⁶
1215 1428 1436 1470 canonicos
1455 1427 1671 1470 saeculares
1690 1426 1858 1468 institui

371 1489 482 1541 fecit,
510 1493 554 1531 et
582 1488 808 1543 collegium
837 1487 1003 1530 creavit.
1064 1487 1176 1529 Item
1205 1485 1430 1541 collegium
1459 1485 1511 1527 de
1540 1483 1734 1526 Bothwel
1762 1483 1857 1524 fun-

372 1546 502 1589 davit.
560 1545 720 1588 Eodem
734 1558 833 1587 vero
853 1558 964 1587 anno
978 1543 1098 1586 venit
1116 1542 1329 1586 Henricus
1343 1556 1417 1585 rex
1431 1541 1598 1597 Angliae
1612 1542 1658 1583 in
1669 1540 1859 1596 partibus

373 1604 540 1655 Scociae,
560 1617 659 1646 cum
687 1606 943 1645 armatorum
968 1614 1120 1657 magna
1148 1600 1269 1656 copia
1294 1603 1384 1642 tam
1402 1613 1477 1656 per
1496 1613 1610 1641 mare
1631 1612 1757 1654 quam
1786 1611 1860 1653 per

372 1664 540 1712 terram,
559 1663 658 1703 ante
687 1659 845 1702 festum
873 1658 1195 1714 Assumpcionis
1226 1658 1392 1700 Nostrae
1425 1657 1643 1699 Dominae:
1676 1656 1723 1698 in
1750 1656 1858 1697 Lau-

373 1719 501 1761 donia
529 1717 643 1774 apud
672 1716 922 1773 Hadington
941 1714 1104 1769 venit;⁷
1137 1719 1181 1758 et
1200 1715 1352 1758 deinde
1378 1714 1491 1771 apud
1516 1715 1666 1770 Leyth,
1693 1713 1860 1756 obviam

374 1776 554 1819 navibus
583 1775 684 1827 suis,
703 1778 748 1818 et
766 1775 925 1817 ibidem
943 1788 1018 1830 per
1036 1777 1121 1816 tres
1141 1773 1231 1816 dies
1259 1786 1419 1815 moram
1438 1772 1593 1825 traxit5
1623 1785 1672 1814 ac
1691 1770 1861 1813 interim

373 1835 449 1890 p'er
466 1838 612 1890 gentes
632 1832 747 1875 suas⁸
766 1835 951 1875 castrum
966 1831 1018 1874 de
1037 1830 1285 1887 Edjnburgh
1299 1829 1538 1873 obsedendo
1557 1828 1785 1872 assiliavit:
1813 1828 1860 1869 in

374 1906 460 1947 quo
478 1905 529 1934 eo
547 1894 734 1946 tempore
753 1893 842 1933 erat
860 1890 1056 1945 princeps
1079 1889 1246 1939 Scociae,
1265 1887 1353 1930 dux
1373 1887 1596 1942 Rothsaye‚
1616 1890 1659 1928 et
1678 1899 1775 1928 cum
1794 1884 1861 1927 eo⁹

375 1948 658 1992 Archibaldus
686 1961 825 1990 comes
854 1947 907 1989 de
935 1945 1135 2003 Douglas,
1154 1945 1362 1988 secundus
1390 1944 1519 2000 hujus
1548 1943 1743 1994 nominis,
1763 1956 1860 1985 cum

377 2020 531 2063 magna
563 2005 799 2048 nobilitate.
860 2004 972 2047 Item
1000 2003 1090 2046 haec
1118 2003 1267 2046 videns
1301 2002 1551 2059 gubernator
1579 2001 1745 2052 Scociae,
1773 2000 1861 2042 dux

375 2063 582 2114 Albaniae,
600 2062 788 2106 collectis
816 2061 1028 2105 nobilibus
1048 2060 1100 2103 de
1119 2061 1310 2116 partibus
1332 2059 1572 2110 borialibus‚
1591 2059 1710 2102 venit
1728 2071 1862 2114 usque

377 2121 491 2178 apud
511 2119 789 2165 Caldermur¹⁰
806 2133 904 2162 cum
931 2121 1185 2161 armatorum
1213 2117 1379 2160 nobiliu
1398 2117 1595 2160 exercitu.
1654 2117 1746 2159 Rex
1764 2128 1863 2158 vero

378 2179 557 2236 Angliae,
594 2178 642 2220 in
680 2178 847 2221 defectu
883 2176 1145 2227 victualium,
1183 2178 1233 2218 ut
1263 2173 1470 2231 quidam¹²
1508 2174 1660 2225 ferunt,
1698 2172 1861 2215 modico

378 2238 563 2292 dampno
582 2236 630 2278 in
647 2235 784 2292 patria
802 2235 925 2286 facto,
943 2234 991 2276 in
1009 2233 1209 2289 Angliam
1228 2234 1383 2276 iterum
1401 2232 1627 2285 remeavit3
1660 2231 1745 2283 sed,
1763 2230 1863 2285 quia

379 2294 514 2338 nichil
541 2293 752 2337 memoriae
778 2292 954 2349 dignum
982 2295 1124 2335 aetum
1153 2294 1217 2334 est
1245 2290 1414 2343 ibidem,
1433 2293 1483 2332 ut
1512 2289 1572 2332 sic
1600 2288 1861 2344 relinquitur.

380 2353 470 2395 Iste
502 2365 602 2395 vero
636 2349 881 2394 Henricus²⁸
908 2363 983 2392 rex
1020 2348 1187 2404 Angliae
1218 2348 1267 2390 in
1299 2361 1376 2390 suo
1415 2347 1528 2390 dicto
1560 2346 1698 2402 viagio
1731 2358 1863 2401 pauca

380 2410 564 2465 dampna
582 2409 629 2451 in
644 2406 866 2452 Scociam¹⁴
880 2406 992 2458 fecit,
1007 2409 1050 2450 et
1064 2406 1258 2449 omnibus
1278 2405 1518 2448 volentibus
1537 2402 1863 2447 assecuranciam

379 2470 520 2522 petere
547 2465 658 2523 pro²⁵
675 2479 819 2509 eorum
837 2464 1042 2515 domibus,
1061 2463 1193 2515 bonis,
1212 2462 1401 2519 personis
1420 2462 1523 2505 vel¹⁶
1538 2460 1754 2504 fortaliciis
1772 2459 1863 2515 ipse

381 2524 561 2579 benigne
589 2527 634 2566 et
660 2522 943 2566 favorabiliter
969 2522 1199 2574 concessit3
1230 2534 1309 2564 nec
1339 2520 1472 2563 eciam
1500 2517 1762 2562 monasteriis
1791 2521 1866 2559 aut

445 2646 512 2714 ΞΟ.
533 2647 574 2681 Ε.
594 2650 631 2681 et
646 2658 738 2681 sena.
879 2646 894 2669 ²
910 2647 946 2682 C.
964 2647 1004 2681 Ε.
1022 2646 1300 2690 Oolburnispeth.
1456 2643 1470 2666 ³
1486 2644 1524 2678 Ο.
1545 2643 1583 2677 Ε.
1601 2643 1638 2676 in
1653 2643 1836 2686 sequendo.

477 2694 516 2728 G.
534 2694 575 2727 E.
592 2695 671 2727 omit
686 2694 734 2728 in.

447 2739 462 2762 ⁶
477 2741 514 2775 O.
533 2741 574 2774 Ε.
589 2740 721 2774 domini
735 2739 942 2774 Archibaldi
957 2739 1103 2774 comitis.
1152 2739 1194 2773 D.
1213 2741 1309 2773 omits
1321 2739 1365 2773 de
1381 2737 1542 2781 Douglas.

446 2786 462 2808 ⁰
477 2788 516 2821 B.
533 2787 792 2821 Glenelondam.
840 2786 878 2820 Ο.
896 2787 936 2820 Ε.
954 2786 1249 2819 Lincloudensem.

444 2833 460 2858 7
475 2835 514 2869 Β.
532 2835 629 2868 cmm
643 2833 751 2867 venit.
801 2832 838 2867 C.
857 2832 896 2867 Ε.
913 2832 1024 2876 primo
1039 2831 1313 2876 perhendinavit.
1362 2831 1404 2865 D.
1424 2830 1487 2864 has
1502 2829 1720 2874 Hatyngton.

445 2880 460 2904 ⁸
475 2882 513 2916 O.
530 2881 570 2915 Ε.
587 2891 677 2915 suos.
918 2878 933 2902 ⁹
950 2880 987 2913 O.
1006 2879 1046 2913 Ε.
1064 2879 1147 2922 ipso.
1268 2877 1297 2900 ¹⁰
1313 2877 1350 2912 Ο.
1369 2877 1408 2912 Ε.
1426 2888 1534 2921 usque
1551 2877 1596 2910 ad
1612 2877 1738 2911 Oaldor
1753 2876 1864 2911 Mure.

429 2927 457 2950 ¹¹
473 2929 510 2963 Ο.
528 2928 571 2962 D.
590 2927 630 2961 Ε.
648 2926 803 2961 notabili.
898 2924 927 2948 ¹2
941 2926 977 2959 C.
999 2925 1038 2959 Ε.
1055 2925 1221 2969 quaedam.
1436 2923 1465 2946 ²³
1482 2924 1517 2958 C.
1533 2924 1571 2958 Ε.
1586 2925 1666 2958 omit
1683 2924 1863 2957 Hem-icus.

429 2973 459 2996 ¹⁴
476 2975 513 3009 B.
532 2974 659 3009 Scocia.
900 2971 928 2994 ¹⁵
946 2973 982 3008 (J.
1001 2972 1040 3006 Ε.
1059 2975 1103 3005 et.
1438 2969 1467 2992 ¹⁰
1483 2970 1520 3004 B.
1540 2973 1585 3005 et.
