2008 3360
191 1663 260 1688 Aa).
278 1656 365 1688 1304.

394 318 417 355 2
424 318 446 355 2
454 317 476 355 6
894 323 1021 355 LIBER
1041 323 1400 357 PLUSGARDENSIS.

390 429 528 472 modis
548 429 803 484 affligebant,
819 431 863 470 et
877 428 1058 483 injuriiS,
1074 428 1273 478 caedibus,
1284 428 1473 484 flagellis,
1486 429 1565 471 sub
1580 428 1662 471 diri
1681 430 1898 474 servitutis

385 487 490 543 jugo
510 487 736 529 crudeliter
765 485 1048 536 trucidabant,
1068 485 1337 541 omnipotens
1366 486 1591 537 Dominus,
1611 486 1828 531 miserator
1857 493 1900 531 et

391 545 628 587 misericors
647 545 779 594 Deus,
799 543 1022 586 Scotorum
1040 543 1222 586 miseriis
1243 543 1469 594 continuis,
1489 544 1676 586 ecclesiae
1694 549 1737 587 et
1750 547 1900 601 populi

391 603 461 645 sui
480 602 733 644 clamoribus
753 614 1010 656 compassus,
1024 604 1079 652 et,
1092 601 1217 644 solito
1236 615 1363 652 more,
1377 606 1566 656 paternae
1584 602 1756 657 pietatis
1775 605 1900 647 affec-

392 661 513 703 cione
534 659 805 709 stumulatus,
825 659 1051 701 suscitavit
1070 659 1231 701 eisdem
1251 659 1514 710 salvatorem,
1534 659 1723 715 pugilem
1743 663 1787 703 et
1804 675 1898 716 pro-

391 716 699 773 1111811811018111,1
719 730 855 759 unum
873 717 953 759 viz.
978 716 1030 759 de
1049 717 1240 772 ejusdem
1268 717 1388 772 regni
1416 717 1711 768 confratribus,
1730 719 1900 762 nomine

394 776 629 817 Robertum
658 774 710 817 de
730 775 877 830 Broys,
897 774 973 830 qui
1002 788 1073 818 eos
1102 775 1155 817 de
1175 775 1273 817 lacu
1300 775 1481 817 miseriae
1510 780 1554 818 et
1583 775 1635 817 de
1654 774 1747 818 luto
1775 776 1901 827 faecis,

393 832 511 875 omni
530 846 605 888 spe
625 832 776 875 salutis
806 837 850 875 et
878 832 1031 875 auxilii
1057 832 1247 875 totaliter
1275 832 1514 883 destitutos,
1533 833 1742 876 liberavit.
1806 833 1902 885 Qui,

393 890 537 933 dolore
557 890 694 933 cordis
707 891 962 933 intrinsecus
978 894 1131 941 tactus,
1143 890 1294 933 videns
1309 891 1423 932 mala
1437 904 1533 946 quae
1546 891 1730 947 populus
1746 891 1902 934 Scociae

394 948 520 1004 quasi
557 948 898 991 intollerabiliter
946 949 1196 999 sustinebat,
1233 952 1441 1004 tanquam
1486 948 1595 991 alter
1628 949 1902 992 Machabaeus

394 1020 571 1048 manum
590 1006 767 1049 mittens
781 1007 835 1048 ad
855 1006 997 1056 forcia,
1011 1020 1087 1061 pro
1107 1006 1308 1049 fratribus
1328 1006 1558 1049 liberandis
1574 1006 1903 1049 innumerabilia

395 1069 441 1106 et
458 1064 747 1119 importabilia
765 1064 951 1120 pondera
971 1064 1057 1107 diei
1077 1068 1120 1107 et
1139 1069 1280 1115 aestus,
1300 1064 1477 1120 frigoris,
1497 1065 1633 1116 famis,
1653 1064 1701 1106 in
1720 1069 1831 1107 terra
1859 1069 1904 1107 et

395 1122 443 1163 in
462 1122 570 1164 mari
590 1122 734 1174 subiit,
751 1136 799 1165 ac
812 1122 976 1165 labores
992 1126 1035 1164 et
1053 1122 1242 1173 insidias,
1263 1121 1411 1164 caedia2
1422 1127 1466 1164 et
1480 1122 1644 1164 inedias
1656 1126 1700 1164 et
1714 1123 1903 1177 pericula

395 1193 561 1235 magna,
580 1193 667 1223 non
687 1185 859 1223 tantum
878 1180 1159 1231 inimicorum,
1170 1193 1315 1236 ymmo
1336 1180 1470 1222 eciam
1489 1179 1692 1222 falsorum
1711 1181 1903 1232 fratrum,

395 1238 613 1285 sustinuit.

422 1418 638 1474 §sequitur
667 1417 716 1463 he
743 1418 1088 1463 confoehetacioue
1116 1418 1302 1473 3111118111
1329 1419 1378 1463 he
1406 1418 1549 1474 &roga
1577 1419 1619 1463 et
1645 1417 1873 1472 3811811818

481 1485 662 1541 Εἷηηιῃη,
683 1486 725 1529 et
744 1484 1008 1529 811-1188118118
1028 1485 1123 1541 ejus
1140 1500 1151 1536 ;
1180 1498 1272 1529 mm
1294 1484 1704 1530 insilientibus—GL
1726 1485 1812 1531 iiii.

396 1576 570 1643 {ERIC
601 1593 760 1636 etenim
799 1593 1009 1636 Robertus
1044 1593 1097 1636 de
1131 1593 1278 1649 Broys,
1316 1606 1456 1635 comes
1496 1592 1548 1635 de
1589 1592 1751 1644 Garrik,
1790 1607 1902 1636 anno

395 1652 574 1694 Domini
594 1661 646 1693 M⁰
658 1660 747 1694 888ο
759 1651 835 1702 1111,
854 1665 941 1693 una
970 1651 1135 1693 dierum
1164 1651 1217 1693 de
1248 1651 1465 1706 Strivelyn
1494 1650 1736 1706 equitando,
1758 1665 1902 1693 secum

393 1710 705 1752 concomitante
725 1709 755 1752 J
757 1708 923 1751 ohanne
938 1709 1120 1764 Cumyn,
1132 1709 1208 1764 qui
1228 1722 1276 1751 eo
1296 1712 1400 1751 tunc
1420 1712 1510 1751 erat
1529 1722 1641 1751 unus
1661 1708 1713 1751 de
1733 1709 1902 1764 majori-

391 1768 473 1810 bus
493 1772 600 1810 natu
628 1767 789 1822 patriae,
807 1772 869 1817 ut,
889 1767 1003 1822 quod
1022 1780 1098 1822 pro
1128 1766 1346 1822 republica
1365 1770 1408 1809 et
1426 1766 1538 1809 bono
1567 1767 1785 1809 communi
1803 1766 1901 1809 laeto

393 1826 626 1880 susciperet
638 1825 792 1875 animo,
798 1801 1023 1867 efficaciter
1035 1838 1158 1880 opere
1171 1824 1411 1880 compleret,
1424 1824 1503 1866 ad
1490 1838 1633 1879 lpsum
1646 1825 1676 1866 J
1679 1824 1901 1876 ohannem

393 1883 477 1926 sibi
505 1883 711 1925 fratrem‘
698 1896 746 1924 111
777 1883 916 1933 armis,
946 1882 1121 1938 indigne
1151 1882 1289 1925 ferens
1318 1882 1436 1938 regni
1465 1882 1777 1948 subJ'eccionem
1806 1896 1900 1924 cru-

393 1940 534 1983 delem
553 1945 598 1983 et
626 1940 942 1982 indesinentem
969 1940 1118 1995 populi
1146 1939 1432 1990 vexacionem,
1461 1939 1598 1994 ipsius
1632 1939 1716 2005 piae
1743 1940 1900 1982 mentis

393 2003 647 2054 conceptum
676 1998 787 2040 circa
815 1998 967 2040 talium
995 1998 1341 2040 reformacionem
1369 1997 1605 2047 insinuans,
1635 1997 1771 2053 ipsius
1802 2011 1901 2039 con-

394 2057 542 2099 silium
581 2061 624 2099 et
663 2055 875 2098 auxilium
906 2055 1175 2111 postulando,
1207 2055 1389 2097 fideliter
1421 2055 1653 2110 equitando
1694 2055 1900 2110 exposuit.

392 2115 462 2165 Et,
476 2114 673 2170 quamvis
694 2113 747 2156 de
762 2114 870 2168 jure,
885 2112 1120 2155 secundum
1134 2112 1258 2168 legis3
1273 2113 1599 2155 consuetudines
1618 2113 1751 2168 regni,
1765 2113 1900 2155 honor

394 2176 438 2215 et
467 2172 677 2215 successio
696 2172 821 2227 regiae
850 2171 1073 2227 dignitatis
1093 2174 1137 2213 et
1166 2170 1285 2226 regni
1313 2170 1532 2226 regiminis
1562 2171 1616 2212 ad
1645 2171 1789 2226 ipsum
1813 2184 1901 2226 prae

394 2230 556 2273 caeteris
586 2230 836 2272 dinoscatur
858 2229 1080 2284 pertinere,
1100 2228 1333 2271 utilitatem
1362 2233 1505 2271 tamen
1527 2242 1795 2270 communem
1823 2241 1899 2270 suo

389 2289 486 2343 jure
514 2288 751 2343 praeferens,
780 2287 947 2342 privato
972 2286 1098 2329 modo
1126 2291 1272 2329 tamen
1301 2286 1438 2328 eidem
1467 2286 1669 2336 Johanni,
1688 2290 1739 2328 ut
1764 2299 1899 2327 unum

394 2359 449 2387 ex
469 2346 634 2388 duobus
655 2345 840 2400 eligeret,
855 2358 932 2387 sua
951 2358 1058 2400 pura
1077 2348 1120 2387 et
1139 2344 1303 2387 sincera
1321 2344 1479 2399 optulit
1489 2343 1722 2394 voluntate,
1734 2343 1812 2385 viz,
1832 2342 1900 2384 ut⁴

393 2406 469 2445 aut
499 2417 683 2469 regnare,
718 2406 762 2445 et
795 2403 915 2458 regui
947 2402 1136 2458 regimen
1164 2416 1219 2444 ex
1252 2405 1355 2453 toto,
1388 2415 1488 2444 cum
1516 2401 1605 2444 suis
1624 2400 1897 2456 pertinenciis

392 2464 436 2502 et
464 2461 591 2515 regiis
623 2460 854 2503 honoribus
886 2463 930 2503 et
956 2460 1248 2515 dignitatibus,
1277 2436 1360 2502 sibi
1393 2463 1437 2502 et
1465 2459 1554 2501 suis
1586 2459 1900 2513 imperpetuum

392 2531 618 2569 assumere,
649 2519 859 2561 concessis
888 2518 971 2560 sibi
1000 2518 1184 2560 Roberto
1219 2518 1307 2560 suis
1339 2517 1460 2560 terris
1482 2520 1534 2559 et
1562 2515 1897 2581 possessionibus

391 2575 631 2627 universis;
659 2580 735 2617 aut
762 2579 895 2618 terras
924 2575 1061 2631 ipsius
1090 2575 1264 2617 Roberti
1293 2578 1337 2617 et
1364 2574 1646 2630 possessiones
1677 2572 1896 2614 universas

392 2633 477 2675 sibi
504 2632 589 2687 ipsi
609 2633 800 2674 Johanni
818 2638 862 2675 et
881 2634 970 2675 suis
984 2634 1080 2688 jure
1100 2637 1304 2688 perpetuo
1324 2632 1551 2697 possidere,⁸
1569 2630 1716 2672 relicto
1737 2629 1898 2672 tamen⁵

391 2690 575 2732 Roberto
604 2689 689 2745 ipsi
716 2703 844 2745 regno
874 2690 1088 2745 praedicto,
1109 2704 1207 2733 cum
1235 2690 1422 2745 praefatis
1450 2688 1575 2744 188118
1605 2687 1898 2743 dignitatibus,

390 2747 679 2804 praerogativis
699 2750 742 2789 et
761 2747 1016 2790 honoribus:
1046 2751 1097 2789 ut
1116 2748 1188 2798 sic,
1207 2761 1283 2803 per
1302 2745 1530 2789 eorundem
1549 2748 1700 2787 mutua
1720 2745 1897 2787 consilia

391 2811 436 2848 et
461 2804 651 2855 auxilia}⁵
678 2804 731 2846 de
750 2804 875 2846 domo
897 2805 1115 2847 servitutis
1145 2808 1188 2847 et
1216 2803 1462 2846 miserrimae
1482 2802 1760 2858 subJeccionis
1780 2803 1896 2845 naci-

438 2930 452 2954 ¹
471 2933 510 2967 B.
529 2934 769 2976 pugnatorem.
864 2929 933 2965 2Β.
949 2930 985 2964 C.
1006 2930 1044 2965 Ε.
1063 2930 1179 2964 taedia.
1360 2927 1375 2951 ³
1392 2929 1429 2963 C.
1448 2930 1492 2963 D.
1513 2929 1553 2962 E.
1572 2929 1674 2973 leges.

436 2977 450 3000 ⁴
472 2980 510 3014 C.
527 2979 567 3014 Ε.
586 2981 666 3014 omit
681 2981 733 3012 ut.
859 2976 875 2999 ⁵
892 2978 930 3012 O.
948 2978 990 3012 D.
1008 2977 1049 3014 Ε.
1067 2978 1148 3011 omit
1163 2980 1291 3011 tamen.
1357 2975 1372 2998 ὓ
1388 2976 1436 3009 Et
1451 2976 1582 3009 auxilia
1598 2979 1633 3010 in
1649 2979 1784 3018 margyin
1801 2977 1895 3010 later.
