<?xml version="1.0" encoding="UTF-8"?>
<!DOCTYPE html PUBLIC "-//W3C//DTD XHTML 1.0 Transitional//EN"
    "http://www.w3.org/TR/xhtml1/DTD/xhtml1-transitional.dtd">
<html xmlns="http://www.w3.org/1999/xhtml" xml:lang="en" lang="en">
 <head>
  <title>
</title>
<meta http-equiv="Content-Type" content="text/html;charset=utf-8" />
  <meta name='ocr-system' content='tesseract 3.04.00' />
  <meta name='ocr-capabilities' content='ocr_page ocr_carea ocr_par ocr_line ocrx_word'/>
</head>
<body>
  <div class='ocr_page' id='page_1' title='image "./liberpluscardens07plusuoft/liberpluscardens07plusuoft_0209.png"; bbox 0 0 2008 3360; ppageno 0'>
   <div class='ocr_carea' id='block_1_1' title="bbox 744 339 1691 380">
    <p class='ocr_par' dir='ltr' id='par_1_1' title="bbox 744 339 1691 380">
     <span class='ocr_line' id='line_1_1' title="bbox 744 339 1691 380; baseline -0.002 -1"><span class='ocrx_word' id='word_1_1' title='bbox 744 348 869 379; x_wconf 77' lang='lat' dir='ltr'><strong>LIBER</strong></span> <span class='ocrx_word' id='word_1_2' title='bbox 890 347 1094 380; x_wconf 79' lang='lat' dir='ltr'>OCTAVUS.</span> <span class='ocrx_word' id='word_1_3' title='bbox 1611 339 1629 377; x_wconf 90' lang='lat'>1</span> <span class='ocrx_word' id='word_1_4' title='bbox 1639 340 1661 377; x_wconf 90' lang='lat'>5</span> <span class='ocrx_word' id='word_1_5' title='bbox 1669 340 1691 378; x_wconf 83' lang='grc'><strong>7</strong></span> 
     </span>
    </p>
   </div>
   <div class='ocr_carea' id='block_1_2' title="bbox 180 453 1695 2423">
    <p class='ocr_par' dir='ltr' id='par_1_2' title="bbox 181 453 1694 686">
     <span class='ocr_line' id='line_1_2' title="bbox 183 453 1693 512; baseline -0.002 -15"><span class='ocrx_word' id='word_1_6' title='bbox 183 453 274 497; x_wconf 87' lang='lat' dir='ltr'>citu</span> <span class='ocrx_word' id='word_1_7' title='bbox 292 454 347 498; x_wconf 88' lang='lat' dir='ltr'>ad</span> <span class='ocrx_word' id='word_1_8' title='bbox 366 455 575 512; x_wconf 90' lang='lat' dir='ltr'>placitum</span> <span class='ocrx_word' id='word_1_9' title='bbox 603 469 730 498; x_wconf 92' lang='lat' dir='ltr'>suum</span> <span class='ocrx_word' id='word_1_10' title='bbox 756 469 854 498; x_wconf 90' lang='lat' dir='ltr'>cum</span> <span class='ocrx_word' id='word_1_11' title='bbox 884 454 973 498; x_wconf 85' lang='lat' dir='ltr'>suis</span> <span class='ocrx_word' id='word_1_12' title='bbox 1003 453 1183 510; x_wconf 75' lang='lat' dir='ltr'>satrapis</span> <span class='ocrx_word' id='word_1_13' title='bbox 1212 453 1506 510; x_wconf 81' lang='lat' dir='ltr'>praeordinato,</span> <span class='ocrx_word' id='word_1_14' title='bbox 1525 466 1574 495; x_wconf 91' lang='lat' dir='ltr'>ac</span> <span class='ocrx_word' id='word_1_15' title='bbox 1595 466 1693 495; x_wconf 87' lang='lat' dir='ltr'>cum</span> 
     </span>
     <span class='ocr_line' id='line_1_3' title="bbox 183 510 1693 570; baseline -0.001 -15"><span class='ocrx_word' id='word_1_16' title='bbox 183 513 272 556; x_wconf 91' lang='lat' dir='ltr'>suis</span> <span class='ocrx_word' id='word_1_17' title='bbox 286 515 497 570; x_wconf 88' lang='lat' dir='ltr'>regalibus</span> <span class='ocrx_word' id='word_1_18' title='bbox 510 518 554 556; x_wconf 89' lang='lat' dir='ltr'>et</span> <span class='ocrx_word' id='word_1_19' title='bbox 566 513 937 557; x_wconf 74' lang='lat' dir='ltr'>excellentissimis</span> <span class='ocrx_word' id='word_1_20' title='bbox 957 512 1235 555; x_wconf 90' lang='lat' dir='ltr'>munimentis</span> <span class='ocrx_word' id='word_1_21' title='bbox 1246 511 1423 563; x_wconf 73' lang='lat' dir='ltr'><strong>bellicis,</strong></span> <span class='ocrx_word' id='word_1_22' title='bbox 1436 510 1477 554; x_wconf 86' lang='lat' dir='ltr'>a1</span> <span class='ocrx_word' id='word_1_23' title='bbox 1489 510 1693 554; x_wconf 76' lang='grc'>111111110182</span> 
     </span>
     <span class='ocr_line' id='line_1_4' title="bbox 181 570 1694 628; baseline -0.001 -15"><span class='ocrx_word' id='word_1_24' title='bbox 181 575 227 613; x_wconf 88' lang='grc'>01</span> <span class='ocrx_word' id='word_1_25' title='bbox 260 586 337 628; x_wconf 92' lang='lat' dir='ltr'>per</span> <span class='ocrx_word' id='word_1_26' title='bbox 364 586 463 615; x_wconf 90' lang='lat' dir='ltr'>eum</span> <span class='ocrx_word' id='word_1_27' title='bbox 493 572 646 628; x_wconf 91' lang='lat' dir='ltr'>spretis</span> <span class='ocrx_word' id='word_1_28' title='bbox 682 576 726 615; x_wconf 90' lang='lat' dir='ltr'>et</span> <span class='ocrx_word' id='word_1_29' title='bbox 754 572 977 627; x_wconf 83' lang='lat' dir='ltr'>vilipensis</span> <span class='ocrx_word' id='word_1_30' title='bbox 1007 571 1164 614; x_wconf 88' lang='lat' dir='ltr'>Scociae</span> <span class='ocrx_word' id='word_1_31' title='bbox 1191 570 1398 626; x_wconf 87' lang='lat' dir='ltr'>patriotis,</span> <span class='ocrx_word' id='word_1_32' title='bbox 1421 570 1694 612; x_wconf 83' lang='lat' dir='ltr'>inimicorum</span> 
     </span>
     <span class='ocr_line' id='line_1_5' title="bbox 182 628 1693 686; baseline -0.001 -15"><span class='ocrx_word' id='word_1_33' title='bbox 182 642 357 672; x_wconf 86' lang='lat' dir='ltr'>suorum</span> <span class='ocrx_word' id='word_1_34' title='bbox 376 630 516 686; x_wconf 87' lang='lat' dir='ltr'>gladio</span> <span class='ocrx_word' id='word_1_35' title='bbox 541 644 627 673; x_wconf 89' lang='lat' dir='ltr'>non</span> <span class='ocrx_word' id='word_1_36' title='bbox 647 633 848 680; x_wconf 88' lang='lat' dir='ltr'>extracto,</span> <span class='ocrx_word' id='word_1_37' title='bbox 868 630 1020 672; x_wconf 91' lang='lat' dir='ltr'>timore</span> <span class='ocrx_word' id='word_1_38' title='bbox 1038 629 1290 685; x_wconf 89' lang='lat' dir='ltr'>perteritum</span> <span class='ocrx_word' id='word_1_39' title='bbox 1307 632 1475 684; x_wconf 86' lang='lat' dir='ltr'>tergum</span> <span class='ocrx_word' id='word_1_40' title='bbox 1490 628 1693 670; x_wconf 91' lang='lat' dir='ltr'>dedisse.’&#39;</span> 
     </span>
    </p>

    <p class='ocr_par' dir='ltr' id='par_1_3' title="bbox 180 686 1695 1902">
     <span class='ocr_line' id='line_1_6' title="bbox 181 686 1693 743; baseline -0.001 -14"><span class='ocrx_word' id='word_1_41' title='bbox 181 686 348 730; x_wconf 91' lang='lat' dir='ltr'>Dicunt</span> <span class='ocrx_word' id='word_1_42' title='bbox 367 693 513 731; x_wconf 89' lang='lat' dir='ltr'>tamen</span> <span class='ocrx_word' id='word_1_43' title='bbox 542 702 594 731; x_wconf 90' lang='lat' dir='ltr'>ex</span> <span class='ocrx_word' id='word_1_44' title='bbox 624 688 798 731; x_wconf 92' lang='lat' dir='ltr'>adverso</span> <span class='ocrx_word' id='word_1_45' title='bbox 818 687 970 743; x_wconf 79' lang='lat' dir='ltr'>Angli3</span> <span class='ocrx_word' id='word_1_46' title='bbox 998 687 1113 743; x_wconf 91' lang='lat' dir='ltr'>quod</span> <span class='ocrx_word' id='word_1_47' title='bbox 1141 701 1217 729; x_wconf 87' lang='lat' dir='ltr'>rex</span> <span class='ocrx_word' id='word_1_48' title='bbox 1246 700 1332 729; x_wconf 91' lang='lat' dir='ltr'>non</span> <span class='ocrx_word' id='word_1_49' title='bbox 1351 686 1436 728; x_wconf 87' lang='lat' dir='ltr'>fuit</span> <span class='ocrx_word' id='word_1_50' title='bbox 1464 686 1626 728; x_wconf 84' lang='lat' dir='ltr'>ibidem</span> <span class='ocrx_word' id='word_1_51' title='bbox 1645 686 1693 727; x_wconf 91' lang='lat' dir='ltr'>in</span> 
     </span>
     <span class='ocr_line' id='line_1_7' title="bbox 182 744 1694 802; baseline -0.002 -14"><span class='ocrx_word' id='word_1_52' title='bbox 182 758 362 799; x_wconf 89' lang='lat' dir='ltr'>persona</span> <span class='ocrx_word' id='word_1_53' title='bbox 381 747 562 802; x_wconf 91' lang='lat' dir='ltr'>propria,</span> <span class='ocrx_word' id='word_1_54' title='bbox 583 746 654 788; x_wconf 91' lang='lat' dir='ltr'>sed</span> <span class='ocrx_word' id='word_1_55' title='bbox 686 746 795 788; x_wconf 87' lang='lat' dir='ltr'>alius</span> <span class='ocrx_word' id='word_1_56' title='bbox 823 746 914 800; x_wconf 85' lang='lat' dir='ltr'>ejus</span> <span class='ocrx_word' id='word_1_57' title='bbox 945 745 1110 796; x_wconf 87' lang='lat' dir='ltr'>similis,</span> <span class='ocrx_word' id='word_1_58' title='bbox 1130 745 1310 787; x_wconf 91' lang='lat' dir='ltr'>indutus</span> <span class='ocrx_word' id='word_1_59' title='bbox 1339 744 1618 787; x_wconf 78' lang='lat' dir='ltr'>consimiliter</span> <span class='ocrx_word' id='word_1_60' title='bbox 1646 744 1694 785; x_wconf 92' lang='lat' dir='ltr'>in</span> 
     </span>
     <span class='ocr_line' id='line_1_8' title="bbox 182 802 1694 858; baseline -0.001 -13"><span class='ocrx_word' id='word_1_61' title='bbox 182 816 260 846; x_wconf 92' lang='lat' dir='ltr'>sua</span> <span class='ocrx_word' id='word_1_62' title='bbox 278 804 426 846; x_wconf 89' lang='lat' dir='ltr'>tunica</span> <span class='ocrx_word' id='word_1_63' title='bbox 444 804 664 846; x_wconf 88' lang='lat' dir='ltr'>armorica:</span> <span class='ocrx_word' id='word_1_64' title='bbox 693 807 736 846; x_wconf 91' lang='lat' dir='ltr'>et</span> <span class='ocrx_word' id='word_1_65' title='bbox 751 804 812 846; x_wconf 90' lang='lat' dir='ltr'>sic</span> <span class='ocrx_word' id='word_1_66' title='bbox 827 804 1026 846; x_wconf 83' lang='lat' dir='ltr'>nituntur</span> <span class='ocrx_word' id='word_1_67' title='bbox 1040 817 1239 845; x_wconf 85' lang='lat' dir='ltr'>excusare</span> <span class='ocrx_word' id='word_1_68' title='bbox 1254 816 1406 858; x_wconf 85' lang='lat' dir='ltr'>regem,</span> <span class='ocrx_word' id='word_1_69' title='bbox 1421 802 1522 844; x_wconf 90' lang='lat' dir='ltr'>licet</span> <span class='ocrx_word' id='word_1_70' title='bbox 1536 802 1694 844; x_wconf 88' lang='lat' dir='ltr'>veritas</span> 
     </span>
     <span class='ocr_line' id='line_1_9' title="bbox 182 860 1694 918; baseline -0.001 -15"><span class='ocrx_word' id='word_1_71' title='bbox 182 862 240 903; x_wconf 90' lang='lat' dir='ltr'>sit</span> <span class='ocrx_word' id='word_1_72' title='bbox 259 862 307 903; x_wconf 90' lang='lat' dir='ltr'>in</span> <span class='ocrx_word' id='word_1_73' title='bbox 326 862 580 918; x_wconf 85' lang='lat' dir='ltr'>oppositum.</span> <span class='ocrx_word' id='word_1_74' title='bbox 640 862 743 903; x_wconf 92' lang='lat' dir='ltr'>Post</span> <span class='ocrx_word' id='word_1_75' title='bbox 772 861 870 903; x_wconf 64' lang='lat' dir='ltr'>hoc*</span> <span class='ocrx_word' id='word_1_76' title='bbox 889 865 1045 912; x_wconf 90' lang='lat' dir='ltr'>autem,</span> <span class='ocrx_word' id='word_1_77' title='bbox 1065 861 1166 903; x_wconf 92' lang='lat' dir='ltr'>licet</span> <span class='ocrx_word' id='word_1_78' title='bbox 1194 861 1407 903; x_wconf 88' lang='lat' dir='ltr'>immerito</span> <span class='ocrx_word' id='word_1_79' title='bbox 1428 864 1473 902; x_wconf 92' lang='lat' dir='ltr'>et</span> <span class='ocrx_word' id='word_1_80' title='bbox 1501 860 1594 902; x_wconf 92' lang='lat' dir='ltr'>sine</span> <span class='ocrx_word' id='word_1_81' title='bbox 1625 861 1694 902; x_wconf 90' lang='lat' dir='ltr'>sui</span> 
     </span>
     <span class='ocr_line' id='line_1_10' title="bbox 183 918 1693 975; baseline -0.002 -13"><span class='ocrx_word' id='word_1_82' title='bbox 183 919 357 975; x_wconf 86' lang='lat' dir='ltr'>culpta‚⁵</span> <span class='ocrx_word' id='word_1_83' title='bbox 385 920 549 962; x_wconf 87' lang='lat' dir='ltr'>invidia</span> <span class='ocrx_word' id='word_1_84' title='bbox 568 919 738 970; x_wconf 90' lang='lat' dir='ltr'>diaboli,</span> <span class='ocrx_word' id='word_1_85' title='bbox 757 933 833 975; x_wconf 94' lang='lat' dir='ltr'>per</span> <span class='ocrx_word' id='word_1_86' title='bbox 852 933 982 974; x_wconf 89' lang='lat' dir='ltr'>quam</span> <span class='ocrx_word' id='word_1_87' title='bbox 1011 932 1123 961; x_wconf 92' lang='lat' dir='ltr'>mors</span> <span class='ocrx_word' id='word_1_88' title='bbox 1143 919 1322 960; x_wconf 89' lang='lat' dir='ltr'>intravit</span> <span class='ocrx_word' id='word_1_89' title='bbox 1355 918 1403 960; x_wconf 91' lang='lat' dir='ltr'>in</span> <span class='ocrx_word' id='word_1_90' title='bbox 1437 918 1582 961; x_wconf 90' lang='lat' dir='ltr'>orbem</span> <span class='ocrx_word' id='word_1_91' title='bbox 1609 921 1693 960; x_wconf 85' lang='lat' dir='ltr'>ter-</span> 
     </span>
     <span class='ocr_line' id='line_1_11' title="bbox 182 976 1694 1031; baseline -0.001 -12"><span class='ocrx_word' id='word_1_92' title='bbox 182 992 337 1028; x_wconf 90' lang='lat' dir='ltr'>rarum,</span> <span class='ocrx_word' id='word_1_93' title='bbox 356 978 479 1020; x_wconf 86' lang='lat' dir='ltr'>famae</span> <span class='ocrx_word' id='word_1_94' title='bbox 498 978 620 1020; x_wconf 84' lang='lat' dir='ltr'>bonae</span> <span class='ocrx_word' id='word_1_95' title='bbox 639 977 830 1027; x_wconf 86' lang='lat' dir='ltr'>aemulus,</span> <span class='ocrx_word' id='word_1_96' title='bbox 849 977 1048 1018; x_wconf 84' lang='lat' dir='ltr'>humanae</span> <span class='ocrx_word' id='word_1_97' title='bbox 1077 976 1295 1019; x_wconf 79' lang='lat' dir='ltr'>felicitatis</span> <span class='ocrx_word' id='word_1_98' title='bbox 1325 976 1536 1027; x_wconf 86' lang='lat' dir='ltr'>inimicus,</span> <span class='ocrx_word' id='word_1_99' title='bbox 1566 990 1694 1031; x_wconf 89' lang='lat' dir='ltr'>super</span> 
     </span>
     <span class='ocr_line' id='line_1_12' title="bbox 181 1034 1693 1091; baseline -0.001 -14"><span class='ocrx_word' id='word_1_100' title='bbox 181 1036 474 1091; x_wconf 72' lang='lat' dir='ltr'>prosperitatis</span> <span class='ocrx_word' id='word_1_101' title='bbox 508 1035 614 1077; x_wconf 90' lang='lat' dir='ltr'>dicti</span> <span class='ocrx_word' id='word_1_102' title='bbox 647 1035 835 1077; x_wconf 90' lang='lat' dir='ltr'>custodis</span> <span class='ocrx_word' id='word_1_103' title='bbox 866 1034 1076 1077; x_wconf 86' lang='lat' dir='ltr'>Willelmi</span> <span class='ocrx_word' id='word_1_104' title='bbox 1115 1034 1331 1076; x_wconf 89' lang='lat' dir='ltr'>fortunam</span> <span class='ocrx_word' id='word_1_105' title='bbox 1365 1048 1441 1089; x_wconf 90' lang='lat' dir='ltr'>per</span> <span class='ocrx_word' id='word_1_106' title='bbox 1474 1038 1693 1090; x_wconf 87' lang='lat' dir='ltr'>magnates</span> 
     </span>
     <span class='ocr_line' id='line_1_13' title="bbox 182 1092 1694 1149; baseline -0.001 -14"><span class='ocrx_word' id='word_1_107' title='bbox 182 1094 301 1149; x_wconf 87' lang='lat' dir='ltr'>regni</span> <span class='ocrx_word' id='word_1_108' title='bbox 330 1107 495 1135; x_wconf 92' lang='lat' dir='ltr'>summe</span> <span class='ocrx_word' id='word_1_109' title='bbox 524 1093 753 1143; x_wconf 86' lang='lat' dir='ltr'>laborabat,</span> <span class='ocrx_word' id='word_1_110' title='bbox 782 1106 878 1148; x_wconf 84' lang='lat' dir='ltr'>quae</span> <span class='ocrx_word' id='word_1_111' title='bbox 907 1106 994 1134; x_wconf 90' lang='lat' dir='ltr'>non</span> <span class='ocrx_word' id='word_1_112' title='bbox 1024 1092 1123 1134; x_wconf 92' lang='lat' dir='ltr'>dum</span> <span class='ocrx_word' id='word_1_113' title='bbox 1161 1092 1215 1134; x_wconf 89' lang='lat' dir='ltr'>ad</span> <span class='ocrx_word' id='word_1_114' title='bbox 1244 1092 1352 1134; x_wconf 78' lang='lat' dir='ltr'>haec⁶</span> <span class='ocrx_word' id='word_1_115' title='bbox 1381 1093 1547 1134; x_wconf 90' lang='lat' dir='ltr'>detecta</span> <span class='ocrx_word' id='word_1_116' title='bbox 1580 1092 1694 1134; x_wconf 86' lang='lat' dir='ltr'>inter</span> 
     </span>
     <span class='ocr_line' id='line_1_14' title="bbox 182 1127 1694 1206; baseline -0.001 -13"><span class='ocrx_word' id='word_1_117' title='bbox 182 1151 350 1194; x_wconf 92' lang='lat' dir='ltr'>eosdem</span> <span class='ocrx_word' id='word_1_118' title='bbox 368 1151 596 1193; x_wconf 89' lang='lat' dir='ltr'>latetabat:</span> <span class='ocrx_word' id='word_1_119' title='bbox 587 1150 618 1178; x_wconf 85' lang='lat'>·⁷</span> <span class='ocrx_word' id='word_1_120' title='bbox 652 1127 766 1206; x_wconf 84' lang='lat' dir='ltr'>quod</span> <span class='ocrx_word' id='word_1_121' title='bbox 786 1151 1023 1192; x_wconf 88' lang='lat' dir='ltr'>maximum</span> <span class='ocrx_word' id='word_1_122' title='bbox 1042 1151 1090 1192; x_wconf 91' lang='lat' dir='ltr'>in</span> <span class='ocrx_word' id='word_1_123' title='bbox 1111 1150 1257 1192; x_wconf 89' lang='grc'>800010</span> <span class='ocrx_word' id='word_1_124' title='bbox 1285 1149 1448 1192; x_wconf 86' lang='grc'>1110111111</span> <span class='ocrx_word' id='word_1_125' title='bbox 1481 1150 1694 1201; x_wconf 88' lang='grc'>00111111110,</span> 
     </span>
     <span class='ocr_line' id='line_1_15' title="bbox 181 1208 1694 1275; baseline -0.001 -24"><span class='ocrx_word' id='word_1_126' title='bbox 181 1223 317 1264; x_wconf 91' lang='lat' dir='ltr'>usque</span> <span class='ocrx_word' id='word_1_127' title='bbox 337 1209 407 1251; x_wconf 79' lang='grc'>0(18</span> <span class='ocrx_word' id='word_1_128' title='bbox 422 1209 673 1251; x_wconf 90' lang='lat' dir='ltr'>hodiernum</span> <span class='ocrx_word' id='word_1_129' title='bbox 689 1209 813 1259; x_wconf 91' lang='lat' dir='ltr'>diem,</span> <span class='ocrx_word' id='word_1_130' title='bbox 828 1208 1216 1275; x_wconf 85' lang='lat' dir='ltr'>inextinguibiliter</span> <span class='ocrx_word' id='word_1_131' title='bbox 1230 1211 1438 1263; x_wconf 89' lang='lat' dir='ltr'>operatur.</span> <span class='ocrx_word' id='word_1_132' title='bbox 1481 1208 1694 1264; x_wconf 88' lang='lat' dir='ltr'>Verump-</span> 
     </span>
     <span class='ocr_line' id='line_1_16' title="bbox 180 1266 1693 1323; baseline -0.001 -14"><span class='ocrx_word' id='word_1_133' title='bbox 180 1271 337 1318; x_wconf 89' lang='lat' dir='ltr'>tamen,</span> <span class='ocrx_word' id='word_1_134' title='bbox 375 1267 588 1323; x_wconf 85' lang='lat' dir='ltr'>pendente</span> <span class='ocrx_word' id='word_1_135' title='bbox 626 1270 816 1323; x_wconf 93' lang='lat' dir='ltr'>tempore</span> <span class='ocrx_word' id='word_1_136' title='bbox 844 1266 1062 1322; x_wconf 88' lang='lat' dir='ltr'>regiminis</span> <span class='ocrx_word' id='word_1_137' title='bbox 1101 1266 1237 1322; x_wconf 89' lang='lat' dir='ltr'>ipsius</span> <span class='ocrx_word' id='word_1_138' title='bbox 1277 1266 1475 1316; x_wconf 55' lang='lat' dir='ltr'>custodis</span> <span class='ocrx_word' id='word_1_139' title='bbox 1515 1280 1693 1321; x_wconf 86' lang='lat' dir='ltr'>regnum</span> 
     </span>
     <span class='ocr_line' id='line_1_17' title="bbox 183 1323 1693 1381; baseline -0.001 -14"><span class='ocrx_word' id='word_1_140' title='bbox 183 1325 339 1367; x_wconf 88' lang='grc'>8000100</span> <span class='ocrx_word' id='word_1_141' title='bbox 367 1325 628 1377; x_wconf 85' lang='grc'>11111011111101,</span> <span class='ocrx_word' id='word_1_142' title='bbox 655 1339 801 1381; x_wconf 89' lang='lat' dir='ltr'>ymmo</span> <span class='ocrx_word' id='word_1_143' title='bbox 831 1325 965 1368; x_wconf 87' lang='lat' dir='ltr'>eciam</span> <span class='ocrx_word' id='word_1_144' title='bbox 996 1324 1178 1367; x_wconf 84' lang='lat' dir='ltr'>feliciter</span> <span class='ocrx_word' id='word_1_145' title='bbox 1206 1328 1250 1367; x_wconf 92' lang='lat' dir='ltr'>et</span> <span class='ocrx_word' id='word_1_146' title='bbox 1278 1323 1567 1379; x_wconf 89' lang='lat' dir='ltr'>multiphariis</span> <span class='ocrx_word' id='word_1_147' title='bbox 1594 1338 1693 1366; x_wconf 91' lang='grc'>0011-</span> 
     </span>
     <span class='ocr_line' id='line_1_18' title="bbox 181 1381 1694 1439; baseline -0.001 -14"><span class='ocrx_word' id='word_1_148' title='bbox 181 1383 336 1436; x_wconf 86' lang='lat' dir='ltr'>valu1t3</span> <span class='ocrx_word' id='word_1_149' title='bbox 360 1387 403 1426; x_wconf 90' lang='lat' dir='ltr'>et</span> <span class='ocrx_word' id='word_1_150' title='bbox 422 1384 718 1439; x_wconf 89' lang='lat' dir='ltr'>unusquisque</span> <span class='ocrx_word' id='word_1_151' title='bbox 738 1397 837 1426; x_wconf 92' lang='lat' dir='ltr'>cum</span> <span class='ocrx_word' id='word_1_152' title='bbox 852 1397 928 1425; x_wconf 92' lang='lat' dir='ltr'>suo</span> <span class='ocrx_word' id='word_1_153' title='bbox 949 1396 1093 1425; x_wconf 89' lang='lat' dir='ltr'>secure</span> <span class='ocrx_word' id='word_1_154' title='bbox 1111 1382 1358 1438; x_wconf 86' lang='lat' dir='ltr'>permansit,</span> <span class='ocrx_word' id='word_1_155' title='bbox 1374 1387 1417 1424; x_wconf 95' lang='lat' dir='ltr'>et</span> <span class='ocrx_word' id='word_1_156' title='bbox 1436 1381 1694 1438; x_wconf 85' lang='lat' dir='ltr'>agricultura</span> 
     </span>
     <span class='ocr_line' id='line_1_19' title="bbox 181 1440 1692 1497; baseline -0.001 -14"><span class='ocrx_word' id='word_1_157' title='bbox 181 1455 257 1497; x_wconf 93' lang='lat' dir='ltr'>per</span> <span class='ocrx_word' id='word_1_158' title='bbox 275 1444 416 1484; x_wconf 86' lang='lat' dir='ltr'>totum</span> <span class='ocrx_word' id='word_1_159' title='bbox 445 1441 735 1484; x_wconf 86' lang='lat' dir='ltr'>convalescere</span> <span class='ocrx_word' id='word_1_160' title='bbox 759 1442 899 1497; x_wconf 88' lang='lat' dir='ltr'>coepit.</span> <span class='ocrx_word' id='word_1_161' title='bbox 961 1440 1127 1492; x_wconf 80' lang='lat' dir='ltr'>Quibus</span> <span class='ocrx_word' id='word_1_162' title='bbox 1147 1441 1345 1483; x_wconf 90' lang='lat' dir='ltr'>omnibus</span> <span class='ocrx_word' id='word_1_163' title='bbox 1366 1440 1455 1482; x_wconf 89' lang='lat' dir='ltr'>suis</span> <span class='ocrx_word' id='word_1_164' title='bbox 1475 1440 1692 1482; x_wconf 89' lang='lat' dir='ltr'>beneficiis</span> 
     </span>
     <span class='ocr_line' id='line_1_20' title="bbox 183 1498 1692 1555; baseline -0.001 -14"><span class='ocrx_word' id='word_1_165' title='bbox 183 1503 227 1542; x_wconf 89' lang='lat' dir='ltr'>et</span> <span class='ocrx_word' id='word_1_166' title='bbox 256 1500 417 1542; x_wconf 84' lang='lat' dir='ltr'>meritis</span> <span class='ocrx_word' id='word_1_167' title='bbox 437 1514 513 1555; x_wconf 95' lang='lat' dir='ltr'>pro</span> <span class='ocrx_word' id='word_1_168' title='bbox 532 1514 577 1542; x_wconf 86' lang='lat' dir='ltr'>re</span> <span class='ocrx_word' id='word_1_169' title='bbox 596 1500 769 1555; x_wconf 90' lang='lat' dir='ltr'>publica</span> <span class='ocrx_word' id='word_1_170' title='bbox 789 1503 832 1542; x_wconf 89' lang='lat' dir='ltr'>et</span> <span class='ocrx_word' id='word_1_171' title='bbox 851 1499 1046 1542; x_wconf 85' lang='lat' dir='ltr'>libertate</span> <span class='ocrx_word' id='word_1_172' title='bbox 1066 1499 1184 1554; x_wconf 87' lang='lat' dir='ltr'>regni</span> <span class='ocrx_word' id='word_1_173' title='bbox 1203 1498 1420 1554; x_wconf 88' lang='lat' dir='ltr'>impensis,</span> <span class='ocrx_word' id='word_1_174' title='bbox 1436 1502 1581 1540; x_wconf 88' lang='lat' dir='ltr'>tamen</span> <span class='ocrx_word' id='word_1_175' title='bbox 1597 1498 1692 1553; x_wconf 90' lang='lat' dir='ltr'>qui-</span> 
     </span>
     <span class='ocr_line' id='line_1_21' title="bbox 184 1556 1695 1612; baseline -0.001 -14"><span class='ocrx_word' id='word_1_176' title='bbox 184 1557 299 1599; x_wconf 84' lang='lat' dir='ltr'>dem⁹</span> <span class='ocrx_word' id='word_1_177' title='bbox 310 1557 550 1612; x_wconf 90' lang='lat' dir='ltr'>iniquitatis</span> <span class='ocrx_word' id='word_1_178' title='bbox 566 1558 646 1599; x_wconf 90' lang='lat' dir='ltr'>filii</span> <span class='ocrx_word' id='word_1_179' title='bbox 657 1561 700 1600; x_wconf 84' lang='lat' dir='ltr'>et</span> <span class='ocrx_word' id='word_1_180' title='bbox 715 1557 920 1600; x_wconf 84' lang='lat' dir='ltr'>satellites</span> <span class='ocrx_word' id='word_1_181' title='bbox 935 1557 1141 1608; x_wconf 80' lang='lat' dir='ltr'>diaboli,1⁰</span> <span class='ocrx_word' id='word_1_182' title='bbox 1153 1561 1242 1599; x_wconf 87' lang='lat' dir='ltr'>tam</span> <span class='ocrx_word' id='word_1_183' title='bbox 1254 1560 1400 1598; x_wconf 92' lang='lat' dir='ltr'>contra</span> <span class='ocrx_word' id='word_1_184' title='bbox 1414 1557 1568 1611; x_wconf 90' lang='lat' dir='ltr'>ipsum,</span> <span class='ocrx_word' id='word_1_185' title='bbox 1580 1556 1695 1598; x_wconf 86' lang='lat' dir='ltr'>mala</span> 
     </span>
     <span class='ocr_line' id='line_1_22' title="bbox 182 1614 1694 1671; baseline 0 -15"><span class='ocrx_word' id='word_1_186' title='bbox 182 1614 475 1666; x_wconf 81' lang='lat' dir='ltr'>machinando,</span> <span class='ocrx_word' id='word_1_187' title='bbox 489 1616 790 1671; x_wconf 89' lang='lat' dir='ltr'>conspirantes,</span> <span class='ocrx_word' id='word_1_188' title='bbox 803 1629 933 1670; x_wconf 86' lang='lat' dir='ltr'>quam</span> <span class='ocrx_word' id='word_1_189' title='bbox 954 1615 1100 1665; x_wconf 90' lang='lat' dir='ltr'>eciam,</span> <span class='ocrx_word' id='word_1_190' title='bbox 1120 1614 1342 1656; x_wconf 91' lang='lat' dir='ltr'>mendacia</span> <span class='ocrx_word' id='word_1_191' title='bbox 1360 1615 1580 1669; x_wconf 79' lang='lat' dir='ltr'>fingentes,</span> <span class='ocrx_word' id='word_1_192' title='bbox 1595 1618 1694 1669; x_wconf 89' lang='lat' dir='ltr'>post</span> 
     </span>
     <span class='ocr_line' id='line_1_23' title="bbox 181 1671 1693 1728; baseline -0.001 -14"><span class='ocrx_word' id='word_1_193' title='bbox 181 1676 349 1728; x_wconf 86' lang='lat' dir='ltr'>tergum</span> <span class='ocrx_word' id='word_1_194' title='bbox 369 1674 406 1727; x_wconf 86' lang='lat' dir='ltr'>ej</span> <span class='ocrx_word' id='word_1_195' title='bbox 413 1686 461 1715; x_wconf 89' lang='lat' dir='ltr'>us</span> <span class='ocrx_word' id='word_1_196' title='bbox 480 1677 590 1716; x_wconf 91' lang='lat' dir='ltr'>retro</span> <span class='ocrx_word' id='word_1_197' title='bbox 609 1672 837 1716; x_wconf 89' lang='lat' dir='ltr'>rodentesu</span> <span class='ocrx_word' id='word_1_198' title='bbox 854 1677 898 1715; x_wconf 93' lang='lat' dir='ltr'>et</span> <span class='ocrx_word' id='word_1_199' title='bbox 917 1686 1059 1715; x_wconf 90' lang='lat' dir='ltr'>coram</span> <span class='ocrx_word' id='word_1_200' title='bbox 1079 1686 1127 1715; x_wconf 91' lang='lat' dir='ltr'>eo</span> <span class='ocrx_word' id='word_1_201' title='bbox 1147 1672 1303 1714; x_wconf 86' lang='lat' dir='ltr'>blande</span> <span class='ocrx_word' id='word_1_202' title='bbox 1322 1672 1558 1727; x_wconf 88' lang='lat' dir='ltr'>loquentes,</span> <span class='ocrx_word' id='word_1_203' title='bbox 1573 1671 1693 1714; x_wconf 91' lang='lat' dir='ltr'>dolos</span> 
     </span>
     <span class='ocr_line' id='line_1_24' title="bbox 184 1730 1692 1786; baseline 0 -14"><span class='ocrx_word' id='word_1_204' title='bbox 184 1731 439 1786; x_wconf 87' lang='lat' dir='ltr'>cogitabant,</span> <span class='ocrx_word' id='word_1_205' title='bbox 470 1731 518 1773; x_wconf 91' lang='lat' dir='ltr'>in</span> <span class='ocrx_word' id='word_1_206' title='bbox 548 1731 742 1773; x_wconf 88' lang='lat' dir='ltr'>cordibus</span> <span class='ocrx_word' id='word_1_207' title='bbox 777 1731 867 1773; x_wconf 87' lang='lat' dir='ltr'>suis</span> <span class='ocrx_word' id='word_1_208' title='bbox 898 1731 1112 1773; x_wconf 88' lang='lat' dir='ltr'>dicentes:</span> <span class='ocrx_word' id='word_1_209' title='bbox 1139 1730 1354 1772; x_wconf 88' lang='lat' dir='ltr'>Nolumus</span> <span class='ocrx_word' id='word_1_210' title='bbox 1373 1730 1489 1771; x_wconf 91' lang='lat' dir='ltr'>hunc</span> <span class='ocrx_word' id='word_1_211' title='bbox 1518 1743 1692 1785; x_wconf 86' lang='lat' dir='ltr'>regnare</span> 
     </span>
     <span class='ocr_line' id='line_1_25' title="bbox 184 1787 1693 1844; baseline -0.002 -13"><span class='ocrx_word' id='word_1_212' title='bbox 184 1802 312 1844; x_wconf 90' lang='lat' dir='ltr'>super</span> <span class='ocrx_word' id='word_1_213' title='bbox 341 1802 428 1831; x_wconf 89' lang='lat' dir='ltr'>nos.</span> <span class='ocrx_word' id='word_1_214' title='bbox 488 1789 635 1831; x_wconf 88' lang='lat' dir='ltr'>Plebei</span> <span class='ocrx_word' id='word_1_215' title='bbox 653 1792 795 1831; x_wconf 84' lang='lat' dir='ltr'>tamen</span> <span class='ocrx_word' id='word_1_216' title='bbox 818 1793 862 1831; x_wconf 90' lang='lat' dir='ltr'>et</span> <span class='ocrx_word' id='word_1_217' title='bbox 880 1788 1103 1844; x_wconf 87' lang='lat' dir='ltr'>populares</span> <span class='ocrx_word' id='word_1_218' title='bbox 1134 1802 1233 1830; x_wconf 90' lang='lat' dir='ltr'>eum</span> <span class='ocrx_word' id='word_1_219' title='bbox 1254 1801 1418 1829; x_wconf 91' lang='lat' dir='ltr'>summe</span> <span class='ocrx_word' id='word_1_220' title='bbox 1439 1787 1693 1838; x_wconf 86' lang='lat' dir='ltr'>dilexerunt,</span> 
     </span>
     <span class='ocr_line' id='line_1_26' title="bbox 182 1844 1692 1913; baseline -0.001 -25"><span class='ocrx_word' id='word_1_221' title='bbox 182 1846 490 1902; x_wconf 85' lang='lat' dir='ltr'>cumpluribus</span> <span class='ocrx_word' id='word_1_222' title='bbox 511 1847 645 1889; x_wconf 92' lang='lat' dir='ltr'>eciam</span> <span class='ocrx_word' id='word_1_223' title='bbox 661 1847 713 1889; x_wconf 95' lang='lat' dir='ltr'>de</span> <span class='ocrx_word' id='word_1_224' title='bbox 728 1847 959 1913; x_wconf 81' lang='lat' dir='ltr'>majoribus</span> <span class='ocrx_word' id='word_1_225' title='bbox 979 1846 1098 1902; x_wconf 85' lang='lat' dir='ltr'>regni</span> <span class='ocrx_word' id='word_1_226' title='bbox 1110 1846 1347 1888; x_wconf 87' lang='lat' dir='ltr'>senioribus</span> <span class='ocrx_word' id='word_1_227' title='bbox 1367 1848 1411 1887; x_wconf 93' lang='lat' dir='ltr'>et</span> <span class='ocrx_word' id='word_1_228' title='bbox 1431 1844 1692 1887; x_wconf 86' lang='lat' dir='ltr'>sanioribus:</span> 
     </span>
    </p>

    <p class='ocr_par' dir='ltr' id='par_1_4' title="bbox 181 1902 1695 2423">
     <span class='ocr_line' id='line_1_27' title="bbox 181 1902 1694 1960; baseline -0.002 -13"><span class='ocrx_word' id='word_1_229' title='bbox 181 1918 230 1947; x_wconf 90' lang='lat' dir='ltr'>eo</span> <span class='ocrx_word' id='word_1_230' title='bbox 251 1905 365 1960; x_wconf 94' lang='lat' dir='ltr'>quod</span> <span class='ocrx_word' id='word_1_231' title='bbox 384 1905 503 1947; x_wconf 92' lang='lat' dir='ltr'>Deus</span> <span class='ocrx_word' id='word_1_232' title='bbox 523 1905 676 1947; x_wconf 92' lang='lat' dir='ltr'>ducem</span> <span class='ocrx_word' id='word_1_233' title='bbox 689 1905 831 1956; x_wconf 90' lang='lat' dir='ltr'>talem,</span> <span class='ocrx_word' id='word_1_234' title='bbox 847 1905 922 1960; x_wconf 90' lang='lat' dir='ltr'>qui</span> <span class='ocrx_word' id='word_1_235' title='bbox 934 1918 1004 1947; x_wconf 92' lang='lat' dir='ltr'>eos</span> <span class='ocrx_word' id='word_1_236' title='bbox 1020 1905 1072 1946; x_wconf 95' lang='lat' dir='ltr'>de</span> <span class='ocrx_word' id='word_1_237' title='bbox 1085 1904 1239 1959; x_wconf 89' lang='lat' dir='ltr'>laqueo</span> <span class='ocrx_word' id='word_1_238' title='bbox 1253 1903 1510 1946; x_wconf 88' lang='lat' dir='ltr'>venancium</span> <span class='ocrx_word' id='word_1_239' title='bbox 1525 1902 1694 1958; x_wconf 89' lang='lat' dir='ltr'>eripuit,</span> 
     </span>
     <span class='ocr_line' id='line_1_28' title="bbox 181 1959 1693 2017; baseline -0.002 -13"><span class='ocrx_word' id='word_1_240' title='bbox 181 1976 257 2017; x_wconf 91' lang='lat' dir='ltr'>per</span> <span class='ocrx_word' id='word_1_241' title='bbox 276 1977 398 2005; x_wconf 85' lang='lat' dir='ltr'>suam</span> <span class='ocrx_word' id='word_1_242' title='bbox 417 1963 692 2005; x_wconf 91' lang='lat' dir='ltr'>clemenciam</span> <span class='ocrx_word' id='word_1_243' title='bbox 711 1963 973 2016; x_wconf 88' lang='lat' dir='ltr'>transmisit,</span> <span class='ocrx_word' id='word_1_244' title='bbox 1001 1966 1055 2013; x_wconf 92' lang='lat' dir='ltr'>et,</span> <span class='ocrx_word' id='word_1_245' title='bbox 1076 1976 1174 2004; x_wconf 90' lang='lat' dir='ltr'>cum</span> <span class='ocrx_word' id='word_1_246' title='bbox 1193 1964 1284 2003; x_wconf 91' lang='lat' dir='ltr'>tota</span> <span class='ocrx_word' id='word_1_247' title='bbox 1304 1961 1451 2003; x_wconf 88' lang='lat' dir='ltr'>Scocia</span> <span class='ocrx_word' id='word_1_248' title='bbox 1471 1959 1693 2016; x_wconf 83' lang='lat' dir='ltr'>seipsum12</span> 
     </span>
     <span class='ocr_line' id='line_1_29' title="bbox 182 2017 1695 2076; baseline -0.001 -15"><span class='ocrx_word' id='word_1_249' title='bbox 182 2034 232 2062; x_wconf 92' lang='lat' dir='ltr'>eo</span> <span class='ocrx_word' id='word_1_250' title='bbox 251 2023 439 2075; x_wconf 91' lang='lat' dir='ltr'>tempore</span> <span class='ocrx_word' id='word_1_251' title='bbox 469 2021 692 2063; x_wconf 87' lang='lat' dir='ltr'>defendere</span> <span class='ocrx_word' id='word_1_252' title='bbox 715 2021 977 2076; x_wconf 88' lang='lat' dir='ltr'>nequiverat,</span> <span class='ocrx_word' id='word_1_253' title='bbox 997 2021 1101 2076; x_wconf 89' lang='lat' dir='ltr'>ipse,</span> <span class='ocrx_word' id='word_1_254' title='bbox 1121 2020 1267 2062; x_wconf 87' lang='lat' dir='ltr'>divino</span> <span class='ocrx_word' id='word_1_255' title='bbox 1288 2019 1490 2062; x_wconf 84' lang='lat' dir='ltr'>suffultus</span> <span class='ocrx_word' id='word_1_256' title='bbox 1520 2017 1695 2069; x_wconf 88' lang='lat' dir='ltr'>auxilio,</span> 
     </span>
     <span class='ocr_line' id='line_1_30' title="bbox 183 2076 1693 2133; baseline -0.001 -13"><span class='ocrx_word' id='word_1_257' title='bbox 183 2076 261 2120; x_wconf 80' lang='grc'>0113</span> <span class='ocrx_word' id='word_1_258' title='bbox 280 2078 394 2120; x_wconf 84' lang='grc'>110011</span> <span class='ocrx_word' id='word_1_259' title='bbox 412 2078 596 2121; x_wconf 85' lang='lat' dir='ltr'>Andreae</span> <span class='ocrx_word' id='word_1_260' title='bbox 616 2082 659 2121; x_wconf 92' lang='lat' dir='ltr'>et</span> <span class='ocrx_word' id='word_1_261' title='bbox 677 2079 792 2121; x_wconf 88' lang='lat' dir='ltr'>beati</span> <span class='ocrx_word' id='word_1_262' title='bbox 813 2078 1040 2122; x_wconf 86' lang='lat' dir='ltr'>Cuthberti</span> <span class='ocrx_word' id='word_1_263' title='bbox 1064 2077 1314 2133; x_wconf 85' lang='lat' dir='ltr'>suffraganti</span> <span class='ocrx_word' id='word_1_264' title='bbox 1333 2077 1535 2127; x_wconf 90' lang='lat' dir='ltr'>subsidio,</span> <span class='ocrx_word' id='word_1_265' title='bbox 1555 2090 1581 2118; x_wconf 92' lang='lat' dir='ltr'>a</span> <span class='ocrx_word' id='word_1_266' title='bbox 1599 2090 1693 2131; x_wconf 92' lang='lat' dir='ltr'>per-</span> 
     </span>
     <span class='ocr_line' id='line_1_31' title="bbox 183 2134 1695 2191; baseline -0.001 -15"><span class='ocrx_word' id='word_1_267' title='bbox 183 2139 324 2190; x_wconf 85' lang='lat' dir='ltr'>petuae</span> <span class='ocrx_word' id='word_1_268' title='bbox 343 2136 561 2178; x_wconf 82' lang='lat' dir='ltr'>servitutis</span> <span class='ocrx_word' id='word_1_269' title='bbox 580 2137 752 2179; x_wconf 85' lang='lat' dir='ltr'>vinculo</span> <span class='ocrx_word' id='word_1_270' title='bbox 772 2137 950 2180; x_wconf 88' lang='lat' dir='ltr'>liberare</span> <span class='ocrx_word' id='word_1_271' title='bbox 970 2136 1187 2191; x_wconf 87' lang='lat' dir='ltr'>satagebat</span> <span class='ocrx_word' id='word_1_272' title='bbox 1206 2139 1249 2178; x_wconf 91' lang='lat' dir='ltr'>et</span> <span class='ocrx_word' id='word_1_273' title='bbox 1268 2135 1317 2176; x_wconf 92' lang='lat' dir='ltr'>in</span> <span class='ocrx_word' id='word_1_274' title='bbox 1335 2135 1507 2177; x_wconf 81' lang='lat' dir='ltr'>brachio</span> <span class='ocrx_word' id='word_1_275' title='bbox 1527 2134 1695 2176; x_wconf 89' lang='lat' dir='ltr'>excelso</span> 
     </span>
     <span class='ocr_line' id='line_1_32' title="bbox 184 2191 1694 2250; baseline -0.001 -16"><span class='ocrx_word' id='word_1_276' title='bbox 184 2192 421 2235; x_wconf 76' lang='lat' dir='ltr'>extollere14</span> <span class='ocrx_word' id='word_1_277' title='bbox 450 2193 630 2237; x_wconf 79' lang='lat' dir='ltr'>volebat,</span> <span class='ocrx_word' id='word_1_278' title='bbox 703 2194 787 2237; x_wconf 90' lang='lat' dir='ltr'>Per</span> <span class='ocrx_word' id='word_1_279' title='bbox 817 2208 924 2250; x_wconf 91' lang='lat' dir='ltr'>quos</span> <span class='ocrx_word' id='word_1_280' title='bbox 962 2194 1133 2236; x_wconf 89' lang='lat' dir='ltr'>invidos</span> <span class='ocrx_word' id='word_1_281' title='bbox 1168 2197 1212 2236; x_wconf 92' lang='lat' dir='ltr'>et</span> <span class='ocrx_word' id='word_1_282' title='bbox 1242 2193 1460 2235; x_wconf 87' lang='lat' dir='ltr'>felicitatis</span> <span class='ocrx_word' id='word_1_283' title='bbox 1495 2191 1694 2234; x_wconf 84' lang='lat' dir='ltr'>humanae</span> 
     </span>
     <span class='ocr_line' id='line_1_33' title="bbox 184 2249 1695 2307; baseline 0 -15"><span class='ocrx_word' id='word_1_284' title='bbox 184 2254 347 2293; x_wconf 84' lang='lat' dir='ltr'>naturae</span> <span class='ocrx_word' id='word_1_285' title='bbox 382 2251 556 2293; x_wconf 83' lang='lat' dir='ltr'>aemulos</span> <span class='ocrx_word' id='word_1_286' title='bbox 587 2265 699 2294; x_wconf 91' lang='lat' dir='ltr'>mors</span> <span class='ocrx_word' id='word_1_287' title='bbox 735 2253 834 2307; x_wconf 88' lang='lat' dir='ltr'>agni</span> <span class='ocrx_word' id='word_1_288' title='bbox 867 2252 1004 2294; x_wconf 91' lang='lat' dir='ltr'>indoli</span> <span class='ocrx_word' id='word_1_289' title='bbox 1033 2251 1277 2293; x_wconf 88' lang='lat' dir='ltr'>machinata</span> <span class='ocrx_word' id='word_1_290' title='bbox 1312 2254 1387 2293; x_wconf 91' lang='lat' dir='ltr'>est.</span> <span class='ocrx_word' id='word_1_291' title='bbox 1460 2249 1531 2292; x_wconf 92' lang='lat' dir='ltr'>Ad</span> <span class='ocrx_word' id='word_1_292' title='bbox 1563 2263 1695 2305; x_wconf 88' lang='lat' dir='ltr'>quam</span> 
     </span>
     <span class='ocr_line' id='line_1_34' title="bbox 185 2307 1694 2364; baseline -0.001 -14"><span class='ocrx_word' id='word_1_293' title='bbox 185 2314 366 2351; x_wconf 88' lang='lat' dir='ltr'>mortem</span> <span class='ocrx_word' id='word_1_294' title='bbox 386 2309 752 2364; x_wconf 87' lang='lat' dir='ltr'>consequebantur</span> <span class='ocrx_word' id='word_1_295' title='bbox 769 2310 914 2364; x_wconf 88' lang='lat' dir='ltr'>lapsus</span> <span class='ocrx_word' id='word_1_296' title='bbox 935 2309 1037 2351; x_wconf 88' lang='lat' dir='ltr'>cleri</span> <span class='ocrx_word' id='word_1_297' title='bbox 1058 2309 1225 2359; x_wconf 86' lang='lat' dir='ltr'>Scociae,</span> <span class='ocrx_word' id='word_1_298' title='bbox 1244 2308 1370 2350; x_wconf 88' lang='lat' dir='ltr'>ruina</span> <span class='ocrx_word' id='word_1_299' title='bbox 1388 2307 1549 2364; x_wconf 91' lang='lat' dir='ltr'>populi,</span> <span class='ocrx_word' id='word_1_300' title='bbox 1571 2321 1694 2350; x_wconf 86' lang='lat' dir='ltr'>casus</span> 
     </span>
     <span class='ocr_line' id='line_1_35' title="bbox 184 2366 1239 2423; baseline 0 -14"><span class='ocrx_word' id='word_1_301' title='bbox 184 2366 305 2423; x_wconf 87' lang='lat' dir='ltr'>regni</span> <span class='ocrx_word' id='word_1_302' title='bbox 324 2370 367 2409; x_wconf 92' lang='lat' dir='ltr'>et</span> <span class='ocrx_word' id='word_1_303' title='bbox 386 2366 619 2409; x_wconf 89' lang='lat' dir='ltr'>destruccio</span> <span class='ocrx_word' id='word_1_304' title='bbox 638 2367 701 2409; x_wconf 91' lang='lat' dir='ltr'>rei</span> <span class='ocrx_word' id='word_1_305' title='bbox 719 2367 913 2422; x_wconf 86' lang='lat' dir='ltr'>publicae,</span> <span class='ocrx_word' id='word_1_306' title='bbox 935 2371 978 2410; x_wconf 92' lang='lat' dir='ltr'>et</span> <span class='ocrx_word' id='word_1_307' title='bbox 998 2367 1239 2409; x_wconf 89' lang='lat' dir='ltr'>certamina.</span> 
     </span>
    </p>
   </div>
   <div class='ocr_carea' id='block_1_3' title="bbox 232 2522 1681 2797">
    <p class='ocr_par' dir='ltr' id='par_1_5' title="bbox 248 2522 1503 2570">
     <span class='ocr_line' id='line_1_36' title="bbox 248 2522 1503 2570; baseline 0 -11"><span class='ocrx_word' id='word_1_308' title='bbox 248 2524 262 2547; x_wconf 84' lang='lat'>¹</span> <span class='ocrx_word' id='word_1_309' title='bbox 278 2525 316 2559; x_wconf 84' lang='lat' dir='ltr'>B.</span> <span class='ocrx_word' id='word_1_310' title='bbox 336 2526 390 2559; x_wconf 86' lang='lat' dir='ltr'>ab.</span> <span class='ocrx_word' id='word_1_311' title='bbox 691 2522 706 2546; x_wconf 90' lang='lat'>2</span> <span class='ocrx_word' id='word_1_312' title='bbox 724 2525 760 2559; x_wconf 88' lang='lat' dir='ltr'>C.</span> <span class='ocrx_word' id='word_1_313' title='bbox 779 2525 820 2559; x_wconf 82' lang='lat' dir='ltr'>E.</span> <span class='ocrx_word' id='word_1_314' title='bbox 837 2525 994 2560; x_wconf 85' lang='lat' dir='ltr'>minutis.</span> <span class='ocrx_word' id='word_1_315' title='bbox 1278 2524 1293 2548; x_wconf 84' lang='lat'>³</span> <span class='ocrx_word' id='word_1_316' title='bbox 1311 2525 1349 2561; x_wconf 85' lang='lat' dir='ltr'>C.</span> <span class='ocrx_word' id='word_1_317' title='bbox 1366 2526 1503 2570; x_wconf 81' lang='lat' dir='ltr'>Angliae</span> 
     </span>
    </p>

    <p class='ocr_par' dir='ltr' id='par_1_6' title="bbox 233 2571 1681 2710">
     <span class='ocr_line' id='line_1_37' title="bbox 247 2571 1655 2616; baseline 0.001 -10"><span class='ocrx_word' id='word_1_318' title='bbox 247 2571 262 2594; x_wconf 76' lang='lat'><strong>⁴</strong></span> <span class='ocrx_word' id='word_1_319' title='bbox 279 2573 316 2606; x_wconf 85' lang='lat' dir='ltr'>O.</span> <span class='ocrx_word' id='word_1_320' title='bbox 336 2574 374 2606; x_wconf 89' lang='lat' dir='ltr'>E.</span> <span class='ocrx_word' id='word_1_321' title='bbox 395 2572 477 2606; x_wconf 87' lang='lat' dir='ltr'>haec.</span> <span class='ocrx_word' id='word_1_322' title='bbox 687 2571 702 2594; x_wconf 82' lang='lat'>⁵</span> <span class='ocrx_word' id='word_1_323' title='bbox 718 2572 756 2606; x_wconf 90' lang='lat' dir='ltr'>B.</span> <span class='ocrx_word' id='word_1_324' title='bbox 775 2572 887 2616; x_wconf 83' lang='lat' dir='ltr'>culpa.</span> <span class='ocrx_word' id='word_1_325' title='bbox 1270 2571 1285 2595; x_wconf 91' lang='lat'>⁰</span> <span class='ocrx_word' id='word_1_326' title='bbox 1301 2573 1339 2607; x_wconf 91' lang='lat' dir='ltr'>B.</span> <span class='ocrx_word' id='word_1_327' title='bbox 1360 2574 1398 2608; x_wconf 71' lang='lat' dir='ltr'>C.</span> <span class='ocrx_word' id='word_1_328' title='bbox 1419 2574 1461 2608; x_wconf 94' lang='lat' dir='ltr'>D.</span> <span class='ocrx_word' id='word_1_329' title='bbox 1481 2574 1511 2606; x_wconf 84' lang='lat' dir='ltr'><strong>E</strong></span> <span class='ocrx_word' id='word_1_330' title='bbox 1539 2573 1655 2608; x_wconf 84' lang='lat' dir='ltr'>adhuc</span> 
     </span>
     <span class='ocr_line' id='line_1_38' title="bbox 246 2618 1681 2664; baseline 0.001 -12"><span class='ocrx_word' id='word_1_331' title='bbox 246 2618 260 2641; x_wconf 83' lang='lat'>⁷</span> <span class='ocrx_word' id='word_1_332' title='bbox 277 2620 316 2653; x_wconf 89' lang='lat' dir='ltr'>B.</span> <span class='ocrx_word' id='word_1_333' title='bbox 337 2620 513 2654; x_wconf 77' lang='lat' dir='ltr'>latitabat.</span> <span class='ocrx_word' id='word_1_334' title='bbox 688 2618 703 2640; x_wconf 80' lang='lat'>⁸</span> <span class='ocrx_word' id='word_1_335' title='bbox 718 2620 817 2663; x_wconf 25' lang='lat' dir='ltr'>B..D.</span> <span class='ocrx_word' id='word_1_336' title='bbox 835 2620 883 2654; x_wconf 88' lang='lat' dir='ltr'>in.</span> <span class='ocrx_word' id='word_1_337' title='bbox 1269 2618 1285 2641; x_wconf 83' lang='lat'>⁹</span> <span class='ocrx_word' id='word_1_338' title='bbox 1301 2621 1340 2654; x_wconf 90' lang='grc' dir='ltr'>Β.</span> <span class='ocrx_word' id='word_1_339' title='bbox 1360 2621 1398 2654; x_wconf 85' lang='lat' dir='ltr'>O.</span> <span class='ocrx_word' id='word_1_340' title='bbox 1417 2621 1459 2654; x_wconf 94' lang='lat' dir='ltr'>D.</span> <span class='ocrx_word' id='word_1_341' title='bbox 1480 2622 1510 2654; x_wconf 83' lang='lat' dir='ltr'><strong>E</strong></span> <span class='ocrx_word' id='word_1_342' title='bbox 1540 2622 1681 2664; x_wconf 81' lang='lat' dir='ltr'>quidam</span> 
     </span>
     <span class='ocr_line' id='line_1_39' title="bbox 233 2665 1223 2710; baseline 0.002 -11"><span class='ocrx_word' id='word_1_343' title='bbox 233 2665 263 2688; x_wconf 86' lang='lat'>¹⁰</span> <span class='ocrx_word' id='word_1_344' title='bbox 279 2667 418 2700; x_wconf 68' lang='lat' dir='ltr'>Alter-ed</span> <span class='ocrx_word' id='word_1_345' title='bbox 436 2669 524 2700; x_wconf 77' lang='lat' dir='ltr'>later</span> <span class='ocrx_word' id='word_1_346' title='bbox 530 2667 630 2710; x_wconf 84' lang='lat' dir='ltr'>from</span> <span class='ocrx_word' id='word_1_347' title='bbox 646 2666 821 2701; x_wconf 87' lang='lat' dir='ltr'>diabolici.</span> <span class='ocrx_word' id='word_1_348' title='bbox 872 2667 911 2701; x_wconf 82' lang='lat' dir='ltr'>O.</span> <span class='ocrx_word' id='word_1_349' title='bbox 931 2667 973 2701; x_wconf 91' lang='lat' dir='ltr'>D.</span> <span class='ocrx_word' id='word_1_350' title='bbox 991 2667 1030 2701; x_wconf 89' lang='lat' dir='ltr'>E.</span> <span class='ocrx_word' id='word_1_351' title='bbox 1050 2667 1223 2703; x_wconf 83' lang='lat' dir='ltr'>diabolici.</span> 
     </span>
    </p>

    <p class='ocr_par' dir='ltr' id='par_1_7' title="bbox 232 2712 1574 2759">
     <span class='ocr_line' id='line_1_40' title="bbox 232 2712 1574 2759; baseline 0 -12"><span class='ocrx_word' id='word_1_352' title='bbox 232 2712 259 2735; x_wconf 81' lang='lat'>¹¹</span> <span class='ocrx_word' id='word_1_353' title='bbox 277 2714 315 2747; x_wconf 81' lang='lat' dir='ltr'>O.</span> <span class='ocrx_word' id='word_1_354' title='bbox 333 2715 372 2748; x_wconf 83' lang='lat' dir='ltr'>E.</span> <span class='ocrx_word' id='word_1_355' title='bbox 391 2715 562 2749; x_wconf 83' lang='lat' dir='ltr'>redentes.</span> <span class='ocrx_word' id='word_1_356' title='bbox 1255 2713 1283 2736; x_wconf 76' lang='lat'>¹²</span> <span class='ocrx_word' id='word_1_357' title='bbox 1299 2715 1337 2750; x_wconf 92' lang='lat' dir='ltr'>B.</span> <span class='ocrx_word' id='word_1_358' title='bbox 1357 2715 1396 2748; x_wconf 91' lang='lat' dir='ltr'>E.</span> <span class='ocrx_word' id='word_1_359' title='bbox 1416 2715 1574 2759; x_wconf 84' lang='lat' dir='ltr'>seipsam.</span> 
     </span>
    </p>

    <p class='ocr_par' dir='ltr' id='par_1_8' title="bbox 237 2759 1493 2797">
     <span class='ocr_line' id='line_1_41' title="bbox 237 2759 1493 2797; baseline 0.001 -2"><span class='ocrx_word' id='word_1_360' title='bbox 237 2759 267 2782; x_wconf 84' lang='lat'>¹³</span> <span class='ocrx_word' id='word_1_361' title='bbox 283 2761 321 2796; x_wconf 82' lang='lat' dir='ltr'>O.</span> <span class='ocrx_word' id='word_1_362' title='bbox 342 2761 381 2796; x_wconf 86' lang='lat' dir='ltr'>E.</span> <span class='ocrx_word' id='word_1_363' title='bbox 401 2773 450 2795; x_wconf 79' lang='lat' dir='ltr'>ac.</span> <span class='ocrx_word' id='word_1_364' title='bbox 1256 2760 1285 2783; x_wconf 75' lang='lat'>¹¹²</span> <span class='ocrx_word' id='word_1_365' title='bbox 1303 2763 1342 2796; x_wconf 87' lang='grc' dir='ltr'>Β</span> <span class='ocrx_word' id='word_1_366' title='bbox 1359 2762 1493 2797; x_wconf 85' lang='lat' dir='ltr'>tollere.</span> 
     </span>
    </p>
   </div>
  </div>
 </body>
</html>
