1962 3346
321 318 379 355 36.
814 325 941 357 LIBER
960 324 1316 357 PLUSCARDENSIS.

320 444 419 474 eum
456 443 540 486 quo
589 430 722 473 eciam
763 435 843 472 'rex
891 428 1111 471 Ricardus¹
1150 428 1318 483 Angliae
1356 429 1573 471 itinerare2
1605 427 1811 485 promisit,

320 487 443 543 quasi
472 488 597 531 homo
618 501 720 531 suus
738 487 886 543 legius,
905 490 949 529 et
978 500 1074 529 eum
1106 486 1332 539 associare;
1361 500 1438 528 nec
1467 487 1600 529 eciam
1628 501 1810 529 sororem

321 546 424 601 ejus,
444 559 574 601 quam
593 545 714 588 alias⁸
727 544 974 600 promiserat
993 557 1168 586 uxorem
1183 543 1345 594 ducere,
1359 543 1607 599 perimplere
1627 545 1811 594 curabat,

321 603 396 646 sed
422 607 660 659 arroganter
688 606 732 645 et
760 602 969 644 obstinate
999 614 1075 656 per
1108 615 1152 644 se
1182 601 1423 654 itineravit3
1452 601 1522 644 cui
1547 601 1814 645 infidelitate⁴¹

320 665 423 703 nota
436 675 511 716 per
524 661 604 703 hoc
617 661 657 703 ei
667 659 857 702 innotuit
871 673 966 714 quae
984 659 1222 702 radicaliter
1236 673 1289 702 ex
1304 659 1558 714 antiquitate
1576 659 1812 715 Anglorum

321 718 490 764 nacioni
512 718 762 760 naturaliter
789 717 937 759 innata
955 717 1217 759 testificatur.
1295 716 1644 772 Verumptamen⁵
1673 717 1811 759 dictus

322 790 396 818 rex
417 776 621 818 Ricardus
642 789 687 817 se
706 774 893 816 multum
911 774 1109 816 nobilior⁶
1127 774 1288 826 habuit,
1308 779 1351 817 et
1370 774 1556 816 insulam
1577 774 1695 829 Cipri
1714 788 1812 816 cum

322 835 538 933 ἒὲῖῗεῑῗὲθ
558 832 994 933 118ῗὲῗίἲὲθέἓὲἓὲ
1006 832 1132 946 ἐξ*
1152 832 1813 945 {ieffiffimaztssffls‘ssixz

322 948 377 991 ad
408 949 556 991 urbem
588 947 755 991 Athon⁸
773 947 1032 1003 perveniens,
1055 947 1157 991 totis
1186 948 1349 990 viribus
1378 947 1605 990 obsedebat
1638 947 1787 989 urbem
1804 962 1815 1000 3

321 1020 399 1048 nec
419 1006 509 1048 illic
529 1020 603 1049 rex
621 1005 788 1062 Angliae
806 1010 955 1061 gentes
972 1019 1069 1048 suas
1089 1005 1143 1048 ad
1162 1006 1366 1048 assaltum
1385 1006 1502 1048 urbis
1521 1005 1581 1047 ire
1601 1019 1699 1048 cum
1719 1019 1815 1060 rege

321 1062 598 1106 Francorum⁹
634 1064 877 1119 permittere
915 1063 1096 1114 volebat,
1124 1077 1269 1119 ymmo
1307 1064 1482 1106 Pisanos
1521 1076 1631 1114 suos,
1659 1063 1815 1117 quibus

317 1122 486 1177 juratus
506 1125 606 1173 erat,
624 1121 855 1164 insultibus
874 1121 935 1164 ire
954 1121 1226 1176 prohibebat3
1245 1125 1416 1177 propter
1434 1121 1548 1176 quod
1561 1135 1636 1163 rex
1652 1120 1818 1175 Philip-

321 1193 403 1235 pus
424 1193 521 1222 suos
541 1193 567 1222 a
580 1179 832 1235 juramento,
847 1179 961 1234 quod
981 1179 1033 1221 de
1053 1179 1241 1222 exercitu
1260 1179 1420 1235 agendo
1441 1180 1607 1229 fecerat,
1622 1177 1814 1221 absolvit.

323 1238 440 1280 Urbe
459 1241 605 1280 tamen
625 1237 790 1293 magnis
808 1237 1022 1279 laboribus
1041 1237 1089 1279 in
1110 1237 1373 1279 dedicionem
1391 1237 1480 1292 regi
1503 1236 1703 1291 Philippo
1722 1236 1818 1278 sub·

317 1296 478 1351 jugato,
496 1298 799 1351 consequenter
817 1294 1008 1337 infideles
1027 1294 1164 1336 multa
1192 1294 1403 1337 mirabilia
1421 1308 1495 1349 per
1514 1294 1682 1337 eosdem
1699 1307 1818 1349 reges

321 1353 407 1395 hiis
437 1353 585 1395 diebus
616 1356 786 1408 peracta
810 1355 925 1403 sunt,
943 1352 1054 1395 sicut
1083 1353 1136 1395 de
1164 1352 1363 1408 capcione
1382 1352 1498 1394 urbis
1518 1350 1745 1394 Ascolois¹⁰
1775 1354 1819 1393 et

321 1410 418 1453 aliis
470 1410 619 1453 multis
666 1410 931 1466 praeperditis
982 1410 1236 1466 recuperatis
1285 1423 1383 1452 cum
1430 1410 1625 1465 captivis..
1703 1409 1817 1452 Item

322 1468 558 1512 notandum
573 1468 698 1523 quod,
712 1467 813 1511 licet
826 1467 1011 1510 breviter
1030 1472 1073 1510 et
1093 1467 1387 1523 compendiose
1405 1467 1630 1522 procedere
1645 1466 1692 1509 in
1711 1480 1818 1522 prae-

322 1526 514 1568 sentibus
534 1525 746 1581 proposui,
759 1529 903 1568 tamen
922 1525 1228 1575 infidelitatem,
1244 1525 1450 1567 invidiam
1469 1528 1513 1567 et
1531 1524 1818 1580 arroganciam

322 1583 561 1639 Anglorum
573 1587 615 1626 et
631 1583 888 1639 prodicionis
903 1583 1095 1625 innatam
1106 1583 1325 1638 perfidiam
1336 1582 1510 1625 recitare
1525 1583 1719 1625 omittere
1731 1595 1818 1624 non

322 1641 445 1697 potui
452 1657 462 1694 ;
477 1655 589 1692 nam,
600 1645 727 1696 prout
738 1641 785 1683 in
796 1641 1076 1696 praesentibus
1089 1641 1278 1683 Cronicis
1290 1644 1484 1683 notatum
1496 1639 1672 1696 repperi,
1678 1639 1820 1682 dictus

322 1713 398 1741 rex
417 1699 587 1755 Angliae
616 1698 833 1749 Ricardus,
857 1698 1028 1741 honoris
1055 1701 1099 1741 et
1117 1698 1261 1754 gloriae
1283 1698 1392 1753 regis
1413 1696 1819 1741 christianissimaeu

322 1756 512 1799 Franciae
546 1770 711 1812 semper
741 1756 926 1807 invidus,
960 1756 1007 1798 in
1036 1756 1233 1799 omnibus
1262 1755 1618 1798 imminentibus¹2
1650 1755 1821 1797 honori-

323 1814 437 1857 bus¹⁸
456 1814 621 1857 actibus
633 1814 687 1857 ab
700 1814 815 1856 omni
827 1814 987 1856 auxilio
1002 1818 1190 1870 tempore
1205 1818 1412 1869 oportuno
1424 1828 1449 1856 a
1461 1814 1574 1856 dicto
1589 1826 1684 1869 rege
1695 1813 1822 1855 Fran-

322 1886 468 1914 corum
487 1886 531 1915 se
551 1871 835 1924 subtrahebat,
857 1876 900 1914 et
919 1872 973 1914 ad
994 1871 1242 1914 Saladinum
1262 1871 1493 1914 Soldanum
1511 1870 1690 1913 nuncios
1709 1869 1820 1913 clam

323 1930 493 1972 mittere
512 1943 599 1972 non
619 1929 829 1981 deficiens,
844 1930 954 1972 dona
973 1929 1156 1985 plurima
1174 1933 1325 1972 mutua
1343 1928 1595 1984 recipiebat3
1623 1931 1678 1979 et,
1697 1927 1821 1970 dubi-

324 1992 419 2029 tans
439 1987 492 2030 de
510 1987 764 2042 prodicione,
777 2001 852 2030 rex
871 1987 1124 2042 Phillippus,
1138 1987 1274 2030 eciam
1291 1987 1459 2041 langore
1478 1986 1611 2028 nimio
1629 1988 1822 2036 vexatus,

324 2045 620 2100 expediciones
631 2044 1088 2111 relinquend03Gallias
1101 2045 1239 2099 peciit.
1262 2045 1343 2087 Per
1350 2044 1543 2110 Oiciliam
1555 2047 1599 2086 et
1604 2042 1821 2099 Apuliam,

324 2102 1822 2216 ῧὲξιέἰῗὲῖῗῗῃθὲῗὲῗέῃἕῗέἓὲξῗᾷ,ιῖ’·ιῗῗῗὲἕωὲἰῗῗέἐίἰιθῖᾎέηξῖἓῑῗ

325 2218 418 2260 Rex
437 2232 537 2261 vero
551 2218 720 2274 Angliae
739 2218 924 2261 insulam
939 2218 1069 2273 Cipri,
1084 2231 1214 2273 quam
1231 2221 1559 2273 recuperaverat,
1574 2216 1823 2272 Templariis

324 2275 538 2318 mediante
556 2276 738 2331 pecunia
764 2275 992 2318 venalem¹⁵
1010 2275 1197 2319 tradidit.
1238 2275 1516 2318 Postmodum
1534 2288 1645 2326 vero,
1664 2274 1823 2317 eisdem

324 2332 481 2375 iterum
500 2334 737 2385 auferendo,
758 2334 846 2390 regi
865 2333 1013 2389 quodw
1030 2333 1385 2384 Jerosolimitam,
1399 2333 1554 2375 iterum
1568 2332 1749 2388 pecunia
1768 2331 1823 2372 ab

326 2389 506 2432 eodem¹⁷
532 2397 711 2446 recepta,
740 2391 963 2434 vendendo
994 2391 1254 2435 deliberavit.
1313 2390 1475 2434 Civitas
1503 2403 1602 2434 vero
1630 2388 1822 2432 Asealois

325 2461 401 2503 per
421 2447 683 2491 Christianos
704 2449 920 2491 solotenus
939 2462 1084 2491 eversa
1102 2448 1196 2492 fuit.

389 2580 403 2602 ¹
419 2581 463 2615 D.
480 2581 521 2615 Ε.
538 2580 709 2615 Rioardus
725 2582 929 2625 afterwards
943 2583 1136 2616 mhstituted
1151 2584 1187 2617 in
1201 2583 1334 2626 marqin
1341 2583 1407 2625 sor
1422 2580 1604 2616 Hem-icus.

390 2626 405 2649 ²
422 2628 460 2662 C.
478 2628 517 2662 Ε.
536 2628 597 2662 ire.
784 2627 799 2650 ⁸
815 2629 853 2663 C.
871 2629 911 2663 E.
929 2631 1010 2663 omit
1025 2629 1120 2664 alias.
1307 2627 1322 2651 ⁴
1337 2629 1376 2663 B.
1395 2629 1432 2664 O.
1450 2629 1493 2663 D.
1512 2629 1552 2662 E.
1570 2628 1799 2664 infidelitatis.

391 2672 406 2696 ⁵
424 2675 465 2709 O.
482 2675 521 2709 E.
540 2675 613 2708 add
626 2674 663 2708 in
679 2674 774 2708 dioto
790 2675 913 2720 viagio.
1303 2674 1319 2697 ⁶
1335 2676 1372 2710 C.
1390 2675 1430 2711 E.
1447 2675 1621 2709 nobiliter.

389 2719 404 2743 ⁷
420 2721 456 2756 C.
475 2721 515 2756 E.
533 2722 759 2756 Francorum.
876 2721 890 2744 ⁸
906 2722 945 2756 B.
963 2722 1096 2756 Achon.
1304 2721 1319 2745 ⁹
1335 2722 1371 2756 C.
1391 2723 1430 2756 Ε.
1449 2722 1612 2757 Francioe.

375 2766 405 2790 ¹⁰
421 2769 464 2802 D.
482 2768 651 2802 Ascalois.
763 2767 793 2790 ¹¹
811 2769 847 2803 B.
867 2769 909 2803 Ε.
926 2770 1223 2805 Christianissimi.
1289 2767 1318 2791 ²¹
1333 2769 1372 2804 B.
1391 2769 1428 2804 G.
1447 2769 1490 2803 D.
1509 2770 1548 2803 Ε.
1567 2769 1812 2805 eminentibus.

377 2813 405 2837 ¹³
421 2815 458 2850 C.
478 2815 520 2850 D.
539 2816 579 2850 E.
597 2815 870 2850 honorabilibus.
966 2814 995 2838 ¹⁴
1012 2817 1052 2850 O.
1070 2816 1108 2853 E.
1128 2820 1277 2861 accepta.
1373 2814 1402 2837 ¹⁶
1419 2816 1456 2850 C.
1475 2816 1514 2851 Ε.
1531 2817 1604 2851 add
1618 2816 1703 2850 fecit
1719 2820 1763 2852 et.

377 2860 406 2884 ¹⁰
421 2862 461 2900 B.
482 2862 519 2898 0.
539 2863 579 2899 Ε.
598 2863 785 2906 quondam.
834 2863 880 2898 D.
897 2863 1059 2907 quodam.
1373 2861 1399 2886 ¹⁷
1418 2863 1456 2900 E.
1475 2874 1527 2908 eo,
