2014 3354
368 316 414 358 xl

863 328 1079 359 APPENDIX
1098 328 1151 359 ΤΟ
1172 328 1373 360 PREFACE.

871 562 1045 604 LIBER
1075 552 1362 614 QUARTUS.

364 692 431 734 De
459 693 546 735 ritu
573 693 847 736 successionis
876 707 1023 749 regum
1043 694 1263 736 Scotorum
1291 694 1624 749 praecedencium
1643 698 1687 738 et
1716 695 1860 737 subse-

478 759 706 814 quencium
724 772 860 814 usque
879 762 1048 815 tempus
1068 759 1313 803 Malcolmi.¹
1389 759 1642 815 OEspitulum
1663 759 1860 815 primum.

365 866 568 922 Sequitur
595 867 648 909 de
668 867 929 910 successione
958 868 1066 923 regis
1084 868 1247 924 Alpini,
1267 872 1311 911 et
1339 868 1391 911 de
1419 883 1496 912 sua
1515 869 1693 911 victoria
1721 872 1765 912 et
1783 869 1863 910 im-

478 932 695 987 paciencia
714 937 860 975 contra
880 933 1031 976 Pictos.
1435 933 1688 989 &uitulum
1707 933 1755 978 ii.

549 1014 631 1049 Poe:
654 1024 839 1049 mccxxxt
863 1015 1026 1058 (Em-dnm,
1046 1027 1079 1060 p.
1099 1017 1175 1058 145,
1195 1016 1216 1051 1.
1236 1018 1272 1059 4)
1289 1018 1337 1051 sic
1361 1017 1479 1060 legitur
1494 1017 1601 1051 :—Et
1624 1016 1739 1050 tribus
1762 1016 1863 1050 annis

595 1069 729 1104 bellum
744 1073 868 1104 contra
883 1071 1011 1111 Pictos,
1031 1076 1089 1105 etc.

364 1166 566 1221 Sequitur
585 1166 637 1209 de
657 1167 921 1210 successione
940 1166 1131 1209 Kenethi
1150 1168 1260 1223 regis
1279 1167 1358 1209 filii
1376 1167 1534 1223 Alpini,
1557 1171 1600 1210 et
1619 1166 1671 1209 de
1701 1167 1867 1209 callidi-

478 1236 566 1274 tate
586 1233 678 1288 ejus
698 1236 843 1275 contra
862 1233 1015 1276 Pictos.
1431 1231 1685 1288 Qtapitnlum
1704 1232 1771 1277 iii.

362 1339 563 1394 Sequitur
581 1339 633 1383 de
653 1341 741 1383 suis
760 1340 947 1383 victoriis
968 1344 1113 1383 contra
1127 1341 1269 1383 Pictos
1289 1345 1332 1383 et
1351 1343 1530 1396 optentu
1548 1341 1667 1396 regni
1687 1340 1766 1383 sui.

1435 1405 1688 1461 OEspitnlnm
1706 1404 1793 1450 iiii.

546 1489 591 1523 In
605 1489 679 1533 fine
695 1489 835 1532 capituli
851 1489 919 1523 hoec
935 1489 1057 1523 addita
1072 1494 1150 1523 eunt
1162 1489 1265 1523 :—In
1281 1489 1420 1534 Magnis
1435 1489 1528 1523 enim
1544 1488 1701 1523 Cronicis
1720 1490 1865 1522 notatur

593 1544 688 1588 quod
704 1547 787 1578 ante
803 1545 898 1578 hunc
919 1555 1035 1589 regem
1051 1543 1266 1588 Kynnedum
1289 1546 1524 1589 regnaverunt
1539 1544 1583 1578 de
1606 1554 1731 1588 genere
1748 1543 1864 1577 Picto·

593 1610 673 1633 rum
696 1599 733 1632 in
749 1599 907 1633 Pictavia
930 1608 1026 1633 Lxm
1050 1610 1149 1644 reges
1172 1610 1235 1643 per
1257 1599 1413 1643 specium
1437 1599 1534 1632 mille
1559 1598 1790 1632 ducentorum
1806 1607 1865 1633 vu

593 1665 772 1688 annorum.
821 1654 889 1695 Qui
913 1654 1127 1698 Kynnethus
1150 1655 1329 1688 interfecit
1352 1655 1517 1688 ultimum
1540 1665 1657 1698 regem
1673 1653 1863 1695 Pictorum,

592 1710 732 1743 nomine
749 1710 996 1750 Drunstonem,
1017 1710 1110 1754 apud
1126 1710 1282 1744 Sconam.
1334 1710 1383 1744 Et
1407 1710 1455 1743 sic
1471 1710 1656 1753 utriusque
1678 1719 1862 1754 regnorum

593 1764 777 1799 Scotorum
803 1767 840 1799 et
872 1764 1053 1799 Pictorum
1085 1765 1123 1799 in
1148 1765 1308 1799 Pictavia
1339 1765 1432 1799 solus
1465 1764 1653 1799 monarcha.
1682 1763 1860 1799 remansit.

592 1820 711 1853 Prima
727 1820 819 1853 enim
830 1831 934 1854 causa
949 1820 1175 1854 discensionis
1190 1821 1284 1855 inter
1300 1831 1358 1854 eos
1374 1821 1444 1854 fuit
1455 1822 1597 1864 propter
1612 1820 1749 1853 furtum
1757 1819 1862 1853 unius

591 1875 715 1909 molosi
739 1875 834 1909 canis
857 1886 920 1919 per
943 1875 1060 1910 Pictos
1084 1887 1105 1909 a
1129 1875 1250 1917 Scotis,
1269 1879 1312 1910 ut
1335 1875 1570 1919 praemittitur,
1588 1876 1625 1908 vi
1648 1875 1752 1919 rapti.
1803 1874 1861 1908 Se-

592 1931 708 1964 cunda
736 1942 840 1964 causa
867 1930 938 1964 fuit
966 1931 1215 1965 confoederscio
1239 1942 1358 1965 eorum
1385 1942 1462 1965 cum
1491 1930 1636 1975 paganis
1664 1929 1860 1964 Saxonibus

593 1988 716 2020 contra.
739 1986 860 2019 Scotos
877 1989 914 2020 et
930 1986 1091 2020 Britones
1107 1986 1323 2020 Christianos
1339 1999 1349 2028 ;
1373 1986 1435 2030 qui
1449 1996 1512 2030 per
1527 1986 1736 2030 quingentos
1751 1995 1861 2019 annos

592 2040 637 2074 ab
649 2043 732 2075 ante
743 2041 959 2084 quietissime
971 2042 1008 2075 in
1017 2052 1101 2085 pace
1114 2041 1217 2074 simul
1229 2040 1490 2075 conveniebant.
1539 2040 1661 2074 Tereia
1673 2051 1776 2074 causa
1791 2039 1862 2073 fuit

592 2097 675 2140 quia
685 2096 782 2130 miroe
793 2096 1035 2130 convencionis
1046 2096 1198 2140 antiquae
1211 2098 1248 2130 et
1258 2096 1429 2140 primaevoe
1442 2095 1663 2136 condicionis,
1679 2106 1759 2128 cum
1770 2094 1861 2128 filias

589 2154 628 2185 et
654 2162 789 2185 sorores
816 2151 999 2185 Scotorum
1025 2151 1064 2185 in
1091 2162 1217 2185 uxores
1242 2153 1430 2195 coeperunt,
1458 2162 1546 2195 quas
1574 2149 1862 2184 condicionaliter

589 2209 834 2240 concesserunt
849 2209 890 2240 ut
902 2206 964 2240 ubi
978 2206 1078 2250 regni
1094 2206 1265 2240 successio
1277 2206 1315 2239 in
1325 2205 1472 2239 dubium
1485 2205 1622 2239 veniret
1638 2216 1681 2239 ex
1692 2204 1862 2238 feminina

588 2262 708 2306 pocius
732 2274 837 2307 quam
853 2273 897 2296 ex
921 2262 1114 2296 masculina
1136 2260 1300 2306 prosapia
1323 2261 1390 2295 sibi
1412 2272 1510 2305 reges
1534 2261 1710 2305 eligerent.
1760 2260 1861 2301 Quod

588 2318 693 2361 paulo
716 2321 799 2352 ante
822 2320 960 2362 tempus
984 2317 1071 2351 dicti
1086 2317 1208 2361 Alpini
1231 2317 1345 2351 facere
1369 2317 1511 2361 penitus
1533 2316 1739 2361 perimplere
1762 2325 1858 2349 recu-

590 2375 722 2407 sarunt.

357 2469 558 2525 Sequitur
576 2469 629 2511 de
649 2469 919 2512 subversione
943 2470 1203 2513 diversorum
1230 2483 1454 2526 regnorum
1473 2473 1644 2524 propter
1672 2471 1857 2523 peccata,

470 2539 514 2578 et
533 2535 585 2578 de
600 2535 777 2577 diversis
797 2536 1005 2591 exemplis
1019 2535 1380 2591 provenientibus,
1427 2533 1681 2589 &vitulum
1701 2539 1737 2578 h.

356 2642 557 2699 Sequitur
576 2641 629 2685 de
648 2641 808 2684 eisdem
827 2642 1048 2697 exemplis.
1427 2639 1682 2695 &spitulum
1699 2639 1755 2684 ni.

356 2748 555 2805 Sequitur
569 2748 622 2791 de
637 2748 827 2791 Romana
841 2748 978 2804 prima
992 2750 1213 2804 potestate,
1228 2752 1271 2791 et
1285 2747 1480 2803 sequenti
1493 2750 1664 2803 propter
1682 2751 1856 2802 peccata

469 2828 619 2863 eorum
635 2817 829 2870 egestate.
1426 2811 1682 2867 OEsm’tulnm
1700 2811 1774 2856 nii.

402 2955 414 2977 ¹
430 2956 515 2990 This
531 2955 610 2991 title
626 2956 656 2990 is
672 2955 832 3000 supplied
848 2956 939 2989 from
954 2956 1015 2990 the
1031 2956 1139 2990 Table
1156 2956 1193 2990 of
1207 2956 1376 2990 Contenta
1392 2959 1430 2990 at
1446 2956 1508 2990 the
1525 2956 1593 2990 end
1610 2957 1647 2989 of
1667 2956 1729 2990 the
1745 2966 1802 2990 Ms.
