2008 3360
234 1931 301 1955 A.D.
320 1921 405 1954 1402.

431 312 509 351 342
921 318 1045 350 LIBER
1064 318 1414 351 PLUSCARDENSIS.

429 426 752 474 conservaretur,
771 422 915 473 donec,
929 422 1047 477 virga
1058 421 1290 477 disciplinae
1302 422 1539 478 castigatus,
1553 422 1736 477 seipsum
1755 422 1904 466 melius

428 484 691 537 cognosceret
740 483 783 522 et
830 479 1093 522 emendaret:
1142 479 1308 522 dicente
1355 479 1569 535 propheta,
1608 479 1721 530 Quos
1766 480 1903 536 diligit

427 539 647 588 Dominus,
680 537 757 579 hos
795 537 966 592 corripit
999 540 1042 580 et
1080 537 1265 592 castigat.
1340 537 1499 579 Nuncii
1529 550 1626 579 vero
1663 537 1904 592 portatores1

426 595 643 638 literarum
672 597 791 637 erant
819 594 1014 637 dominus
1038 594 1278 637 Willelmus
1307 594 1359 637 de
1387 594 1611 649 Lindissay
1639 597 1682 636 et
1710 594 1903 636 dominus

428 653 644 696 <Iohannes
672 652 725 694 de
753 652 1013 708 Ramorgny:
1048 652 1123 707 qui
1155 652 1233 694 tali
1266 652 1529 708 suggestione
1562 651 1723 694 dictum
1756 651 1904 694 ducem

427 710 805 760 inflammaverunt,
838 709 951 765 quod
983 709 1074 764 ipse
1109 709 1223 764 apud
1256 713 1440 752 castrum
1474 709 1617 752 Sancti
1650 708 1829 751 Andreae
1861 722 1905 751 se

428 767 679 818 transferret,
698 767 884 822 seipsum
902 767 1060 809 ibidem
1088 766 1336 817 collocaret,2
1358 781 1407 810 ac
1435 767 1664 810 adventum
1691 766 1792 808 novi
1819 766 1906 821 epi-

426 825 542 880 scopi
561 828 811 880 expectaret,
829 824 1015 880 seipsum
1033 824 1087 867 ab
1106 824 1299 867 omnibus
1318 824 1505 867 hostium
1524 823 1720 880 periculis
1738 837 1907 879 praeser-

427 882 577 933 vando,
615 882 779 937 sibique
817 882 1050 938 periculum
1088 882 1279 924 futurum
1317 882 1606 924 machinatum
1643 881 1905 924 insinuando.

428 940 513 992 Qui
545 940 738 996 princeps
768 940 828 983 eis
856 940 1007 983 leviter
1036 939 1217 990 credens,
1246 940 1431 995 episcopi
1459 943 1644 982 castrum
1671 938 1786 981 adire
1813 951 1906 994 pro-

427 1011 599 1053 ponens,
627 1011 701 1053 per
729 997 879 1040 ducem
912 997 1118 1048 Albaniae,
1145 997 1463 1053 gubernatorem
1498 997 1662 1048 Scociae,
1691 995 1908 1039 avunculi-⁹²

427 1055 531 1098 dicti
559 1055 678 1098 ducis
708 1055 894 1106 Rothsai‚
912 1055 1024 1097 inter
1051 1055 1168 1110 Nydi
1202 1058 1245 1097 et
1273 1055 1510 1106 Stratirum,
1536 1068 1665 1110 prope
1697 1054 1908 1109 magnam4

428 1126 605 1164 crucem,
635 1113 682 1155 in
712 1112 863 1155 itinere
896 1114 1100 1155 arestatus
1133 1112 1239 1165 fuit3
1273 1117 1316 1156 et
1347 1113 1459 1168 apud
1491 1112 1713 1154 Faukland
1746 1111 1908 1161 ductus,

428 1174 472 1214 et
500 1170 601 1213 diris
630 1170 864 1213 carceribus
892 1170 1130 1225 deputatus,
1157 1170 1268 1212 fame
1296 1170 1454 1212 ibidem
1482 1169 1619 1224 periit.
1679 1169 1772 1219 Sed,
1791 1171 1907 1211 ante-

429 1242 556 1283 quam
590 1228 743 1270 ductus
775 1227 858 1270 fuit
888 1227 959 1269 ad⁵
987 1227 1219 1278 Faukland,
1249 1227 1461 1270 duxerunt
1494 1240 1591 1269 eum
1625 1226 1821 1282 primitus
1855 1225 1908 1267 ad

428 1285 591 1328 dictum
624 1288 806 1328 castrum
835 1284 1153 1335 Sanctiandreae‚
1182 1289 1225 1327 et
1253 1285 1411 1327 ibidem
1444 1297 1542 1327 eum
1569 1297 1644 1339 per
1670 1282 1908 1339 potenciam

429 1346 472 1385 et
490 1356 621 1384 manu
650 1346 808 1384 armata
837 1341 1136 1392 custodierunt,
1155 1342 1286 1384 donec
1314 1342 1361 1384 in
1380 1342 1561 1397 quodam
1581 1341 1766 1392 consilio,
1794 1340 1907 1395 apud

429 1399 580 1443 Culros
613 1403 732 1442 tento
764 1413 840 1455 per
873 1399 1022 1442 ducem
1055 1399 1247 1441 Albaniae
1285 1403 1328 1442 et
1361 1399 1558 1441 comitem
1595 1398 1907 1441 Archebaldum

428 1457 482 1500 de
520 1457 719 1513 Douglas,
758 1457 811 1499 de
848 1457 939 1511 ejus
977 1461 1110 1499 morte
1148 1457 1431 1499 decreverunt.
1519 1457 1575 1498 Et
1612 1460 1757 1511 postea
1803 1468 1908 1510 prae—

430 1514 569 1557 dictus
621 1514 709 1556 dux
756 1514 947 1556 Albaniae
1000 1517 1043 1556 et
1096 1513 1232 1556 dictus
1280 1513 1569 1555 Archebaldus
1622 1513 1674 1555 de
1720 1512 1908 1567 Douglas

430 1585 568 1614 comes
596 1572 776 1614 eundem
804 1571 954 1613 ducem
983 1570 1171 1626 Rothsay
1189 1571 1302 1626 apud
1330 1571 1492 1612 dictum
1520 1570 1670 1612 turrim
1689 1570 1741 1612 de
1770 1569 1908 1612 Fauk-

428 1629 531 1671 land
568 1628 709 1671 valida
749 1642 876 1670 manu
914 1628 1136 1679 duxerunt,
1175 1641 1300 1683 super
1332 1629 1575 1683 jumentum
1617 1641 1805 1683 parvum,
1843 1626 1908 1668 in-

431 1686 559 1728 dutus
579 1685 796 1743 col[1]obio
814 1685 966 1742 grosio⁶
984 1685 1038 1727 ad
1056 1685 1228 1727 modum
1247 1685 1445 1741 garsiferi,
1459 1689 1508 1728 ut
1526 1699 1613 1727 non
1629 1685 1910 1740 perciperetur

430 1744 478 1785 in
510 1743 684 1796 itinere;
717 1747 761 1786 et
793 1743 840 1785 in
872 1742 1062 1786 custodia
1094 1743 1124 1786 J
1126 1742 1303 1785 ohannis
1332 1743 1511 1798 Wrycht
1544 1745 1586 1785 et
1615 1742 1646 1785 J
1647 1742 1823 1784 ohannis
1857 1742 1910 1783 de

430 1800 609 1844 Selcrik⁷
623 1801 860 1856 deputatus,
875 1801 950 1856 qui
968 1814 1066 1843 eum
1084 1800 1294 1843 reclusum
1312 1800 1359 1842 in
1370 1800 1551 1855 quadam
1570 1813 1699 1855 parva
1709 1798 1910 1842 11011-,101110

429 1858 477 1900 111
505 1858 619 1901 dicta
651 1862 765 1901 turre
798 1862 1089 1901 conservantes
1122 1871 1256 1913 usque
1285 1857 1339 1900 ad
1372 1858 1498 1900 finem
1526 1856 1771 1912 vitae‚—qui
1804 1856 1910 1898 obiit

430 1930 541 1959 anno
560 1915 735 1958 Domini
754 1922 806 1957 ΜΟ
820 1921 932 1959 0000ο
943 1916 1003 1966 ii⁰,
1017 1915 1079 1957 vii
1093 1915 1161 1957 die
1175 1914 1347 1970 Aprilis,
1358 1915 1471 1970 apud
1490 1914 1694 1956 Lundoris
1709 1913 1909 1969 sepultus.

430 1973 594 2016 Dicunt
625 1977 769 2016 tamen
801 1972 997 2015 nonnulli
1024 1972 1147 2027 quod,
1176 1973 1277 2028 quia
1309 1972 1399 2027 ipse
1433 1972 1520 2014 dux
1553 1971 1742 2027 Rothsay
1771 1971 1910 2013 noluit

430 2031 691 2086 acquiescere
719 2030 894 2073 consilio
922 2030 1091 2072 illorum
1110 2029 1184 2085 qui
1213 2029 1295 2072 sibi
1315 2033 1363 2071 ut
1392 2033 1588 2085 patruum
1617 2042 1742 2072 suum
1760 2028 1909 2071 ducem

430 2088 625 2131 Albaniae
653 2090 861 2139 arestaret,
876 2087 958 2143 ipsi
987 2087 1070 2130 duo
1098 2086 1266 2138 milites,
1285 2086 1525 2130 Willelmus
1545 2087 1597 2129 de
1625 2086 1848 2141 Lindissay
1866 2089 1910 2128 et

431 2148 462 2190 J
463 2146 649 2189 ohannes
678 2145 730 2188 de
763 2146 1013 2201 Ramorgny,
1043 2145 1352 2201 suggestionem
1384 2157 1504 2187 suam
1533 2144 1580 2186 111
1612 2158 1710 2187 011111
1742 2156 1908 2200 perver-

432 2207 582 2255 tentes,
612 2203 725 2246 dicto
763 2202 862 2245 duci
899 2206 1194 2258 persuaserunt
1231 2202 1425 2244 Albaniae
1462 2205 1523 2252 ut,
1557 2202 1593 2244 si
1630 2201 1722 2257 ipse
1759 2201 1908 2243 ducem

432 2261 621 2316 Rothsay
654 2274 740 2303 non
773 2263 983 2311 arestaret,
1010 2260 1151 2316 ipsum
1185 2260 1297 2302 mala
1329 2263 1462 2302 morte
1495 2259 1601 2301 mori
1634 2259 1796 2302 faceret.
1851 2258 1909 2299 Et

431 2319 521 2361 haec
550 2318 740 2361 fecerunt
772 2318 1014 2360 dubitantes
1051 2317 1353 2360 revelacionem
1386 2317 1510 2359 dictae
1540 2316 1826 2372 suggestionis,
1859 2328 1909 2357 eo

432 2376 546 2430 quod
565 2375 652 2418 dux
681 2375 868 2431 Rothsay
890 2375 1125 2430 conspirare
1150 2375 1196 2417 in
1224 2378 1402 2417 mortem
1430 2374 1630 2417 avunculi
1653 2373 1720 2416 sui
1739 2372 1907 2416 omnino

432 2433 650 2475 recusavit.
711 2432 793 2476 Sed
822 2432 944 2475 aliter
972 2433 1120 2475 dicunt
1153 2432 1239 2483 alii,
1269 2432 1383 2487 quod
1409 2432 1549 2474 dictus
1583 2431 1822 2474 Willelmus
1855 2429 1908 2472 de

431 2489 654 2546 Lindissay
672 2489 793 2533 miles
822 2490 931 2533 hanc
960 2490 1170 2532 maliciam
1199 2494 1342 2532 contra
1362 2489 1512 2532 ducem
1540 2489 1726 2543 Rothsay
1745 2487 1907 2541 conspi-

388 2562 389 2565 ’
431 2547 542 2588 ravit
570 2561 618 2589 eo
648 2548 762 2602 quod
790 2548 892 2603 ipse,
921 2548 1061 2591 nescio
1080 2561 1164 2603 quo
1193 2547 1279 2589 levi
1314 2547 1487 2589 consilio
1521 2549 1700 2595 secutus,
1728 2558 1907 2586 sororem

431 2603 535 2646 dicti
572 2604 722 2646 militis
761 2605 1009 2656 Eufemiam,
1043 2604 1257 2647 dominam
1295 2603 1600 2660 pulcerrimam,
1633 2601 1829 2651 affidavit,
1865 2605 1908 2643 et

432 2661 642 2716 cognitam
655 2664 801 2715 postea
818 2666 987 2717 propter
1005 2662 1216 2717 sponsalia
1229 2661 1439 2717 praeterita
1457 2659 1719 2716 repudiavit:
1740 2662 1908 2714 propter

431 2717 544 2774 quod
583 2721 727 2760 contra
758 2718 899 2773 ipsum
931 2719 1164 2775 principem
1198 2732 1393 2774 magnam
1423 2716 1661 2759 inimiciciae
1694 2716 1905 2771 querelam

490 2866 504 2889 ¹
521 2867 556 2901 C.
575 2867 617 2900 D.
635 2866 674 2900 Ε.
693 2866 887 2909 portitores.
1009 2865 1023 2887 ²
1040 2867 1076 2900 Ο.
1098 2867 1138 2899 Ε.
1158 2866 1308 2900 collaret.
1494 2864 1509 2887 ³
1524 2866 1562 2900 C.
1579 2867 1618 2899 E.
1640 2866 1858 2900 avunculum.

491 2912 506 2934 4
522 2913 560 2947 C.
580 2913 620 2947 E.
638 2924 810 2956 magnum.
1007 2911 1022 2934 ⁶
1037 2912 1073 2946 C.
1093 2912 1133 2946 Ε.
1153 2913 1225 2946 add
1240 2912 1373 2946 dictum
1388 2911 1513 2945 turrim
1529 2913 1582 2946 de.

491 2958 507 2981 θ
523 2960 559 2994 G.
576 2960 617 2994 Ε.
634 2959 748 3004 grisio.
1009 2958 1023 2982 7
1040 2959 1077 2993 Β.
1097 2959 1246 2993 Selkirk.
1297 2959 1337 2992 D.
1358 2958 1503 2992 Celorik.
