2008 3360
364 325 446 363 364
860 331 986 363 LIBER
1006 330 1358 363 PLUSGARDENSIS.

361 436 501 479 dictus
521 436 718 479 dominus
737 436 790 478 de
809 435 981 486 Dernle,
1001 434 1144 477 dicens
1165 449 1210 477 80
1228 435 1340 477 velle
1369 435 1416 477 in
1444 435 1551 491 pede
1580 436 1853 490 descendere3

361 499 406 536 et
425 494 501 549 qui
517 494 680 536 vellent
699 507 792 536 cum
826 506 875 535 eo
895 491 1174 543 descendere,1
1193 493 1240 534 in
1267 493 1438 535 nomine
1466 493 1644 535 Domini
1672 494 1829 537 faciant
1845 511 1855 547 3

361 554 404 593 et
423 551 499 606 qui
517 565 615 602 non,
634 555 887 593 remaneant.
948 550 1033 602 Qui
1054 550 1254 592 continuo
1274 564 1372 592 cum
1390 551 1508 593 mille
1529 551 1664 594 Scotis
1684 551 1853 594 descen-

362 609 478 659 dens,
498 612 541 651 et
559 608 722 663 Anglos
741 608 788 649 in
808 621 951 650 eorum
970 608 1178 650 fortalicio
1197 608 1427 650 existentes
1447 609 1702 664 aggrediens,
1721 609 1854 651 nichil

360 679 490 721 penes
524 667 571 707 in
603 679 673 708 eos
703 666 903 720 proficere
940 668 1104 720 potens,
1142 678 1218 720 per
1254 666 1504 720 praedictum
1542 666 1763 708 dominum
1801 666 1854 708 de

362 723 555 766 Calebot²
566 723 787 765 salientem
799 722 851 764 de
865 722 1072 764 fortalicio
1086 722 1299 777 repulsus⁸
1313 727 1389 774 est,
1400 724 1657 774 interfectus,
1672 728 1715 766 et
1729 723 1856 766 multi

362 781 525 823 nobiles
538 794 637 822 cum
656 794 705 822 eo
719 796 728 822 ε
748 781 809 823 et⁴
827 794 925 822 oum
939 780 1094 835 quibus
1108 784 1300 822 mortuus
1316 784 1381 823 est
1395 781 1590 823 dominus
1603 782 1654 824 de
1668 781 1855 831 Orevale,

361 852 460 880 cum
479 838 627 880 multis
646 838 834 880 Franciae
853 838 1093 893 proceribus
1117 838 1224 889 aliis,
1244 838 1505 893 principibus
1525 842 1568 881 et
1596 839 1779 881 dominis
1807 839 1855 880 in

361 896 483 950 equis
503 896 826 951 expectantibus
855 900 900 937 et
925 909 970 937 se
1003 909 1090 938 non
1116 896 1384 938 moventibus
1418 896 1561 947 donec,
1593 910 1668 952 per
1695 896 1855 951 Anglos

360 953 577 995 transfixis
596 954 761 1009 sagittis
781 954 828 995 in
857 966 999 995 eorum
1031 953 1162 1008 equis,
1182 967 1326 995 omnes
1355 954 1402 995 in
1430 954 1576 1009 fugam
1604 954 1715 996 versi
1744 958 1855 996 sunt.

360 1011 537 1054 Relictis
556 1011 715 1053 ibidem
745 1011 880 1053 Scotis
910 1025 1007 1053 cum
1035 1011 1304 1066 Francigenis
1332 1011 1564 1054 interfectis
1593 1016 1637 1054 et
1665 1011 1856 1066 captivis,

361 1068 535 1124 Anglici
573 1082 671 1111 cum
708 1068 841 1124 gloria
878 1068 1065 1110 victoriae
1103 1069 1216 1124 apud
1256 1082 1399 1111 eorum
1428 1069 1641 1111 obsidium
1677 1069 1725 1111 in
1753 1082 1855 1124 pace

360 1130 639 1179 recesserunt;
658 1130 711 1177 et,
727 1126 828 1181 quia
842 1126 997 1168 multos
1010 1127 1145 1181 pisces
1157 1126 1318 1181 herinffi
1331 1127 1528 1168 vocatos
1516 1141 1563 1168 m
1576 1126 1744 1169 barellis
1759 1140 1857 1168 cum

361 1184 423 1226 eis
452 1184 674 1234 ducebant,
702 1160 859 1226 idcirco
892 1184 1143 1239 praedictum
1171 1185 1334 1225 Bellum
1362 1185 1411 1225 de
1438 1184 1620 1239 Herinyss
1646 1198 1781 1241 usque
1809 1184 1857 1225 111

360 1241 613 1283 hodiernum
651 1241 764 1283 diem
802 1246 1165 1296 nuncupaverunt.
1243 1242 1355 1283 Item
1393 1242 1533 1284 dictus
1573 1242 1769 1283 dominus
1803 1241 1856 1283 de

360 1299 521 1341 1)011110
539 1313 615 1354 per
625 1298 867 1341 herraldum
887 1312 1012 1340 suum
1032 1299 1184 1340 ductus
1205 1302 1269 1341 est
1289 1299 1403 1353 apud
1424 1297 1621 1349 Orlians‚⁷
1636 1302 1678 1341 et
1697 1298 1855 1340 ibidem

359 1356 641 1398 inhumatus
628 1370 675 1397 111
694 1370 780 1398 una
800 1356 852 1398 de
872 1356 1045 1411 capellis
1065 1356 1251 1398 ecclesiae
1280 1356 1531 1398 cathedralis
1547 1372 1557 1408 3
1585 1356 1659 1398 ubi
1689 1356 1737 1397 in
1764 1356 1855 1398 vita

361 1428 438 1456 sua
457 1427 587 1455 unam
606 1414 779 1455 missam
791 1413 1047 1455 cotidianam
1066 1418 1109 1455 et
1127 1418 1374 1468 perpetuam
1392 1427 1468 1468 per
1486 1414 1718 1455 infantulos
1737 1413 1855 1456 chori

361 1471 546 1513 ecclesiae
567 1472 731 1513 Sanctae
750 1471 885 1513 crucis
905 1470 1156 1526 supradictae
1171 1471 1259 1513 alta
1277 1485 1380 1513 voce
1407 1471 1636 1513 cantatam⁸
1650 1471 1857 1521 fundavit,

361 1528 474 1570 datis
513 1528 724 1570 canonicis
763 1528 928 1570 duobus
967 1528 1158 1570 millibus
1192 1532 1407 1570 scutorum
1445 1528 1538 1570 auri
1571 1528 1626 1570 ad
1655 1528 1858 1570 fabricam

361 1586 557 1637 ecclesiae,
574 1586 666 1641 qui⁹
680 1599 767 1627 non
786 1585 889 1627 dum
909 1585 962 1627 ad
981 1585 1064 1627 huc
1085 1585 1293 1640 completa
1312 1585 1406 1636 fuit,
1420 1585 1467 1627 in
1482 1585 1668 1641 capitulo
1687 1585 1857 1641 publice

361 1643 523 1686 solutis.
582 1644 686 1685 Dux
720 1656 818 1685 vero
854 1643 1121 1697 Burgundiae,
1154 1643 1311 1685 auditis
1345 1643 1429 1685 hiis
1458 1643 1593 1693 novis,
1627 1643 1858 1693 consultus,

361 1701 508 1743 insciis
527 1701 762 1756 Anglorum
781 1700 1044 1756 principibus
1063 1700 1182 1743 misit
1210 1701 1388 1743 nuncios
1418 1714 1515 1743 suos
1544 1700 1598 1742 ad
1626 1700 1775 1742 villam
1804 1701 1858 1742 de

362 1757 557 1814 Burges¹⁰
575 1772 629 1801 en
658 1759 789 1812 Berry
809 1762 851 1800 et
870 1758 925 1800 ad
953 1758 1102 1801 villam
1131 1759 1183 1800 de
1210 1758 1403 1814 Angiers,
1432 1758 1485 1800 de
1524 1758 1705 1800 Touris¹l
1733 1762 1777 1801 et
1805 1758 1858 1800 de

361 1816 523 1858 Lioune
543 1829 616 1858 sur
633 1815 732 1858 10012
742 1816 873 1866 Boon,
888 1815 1002 1871 quod
1017 1829 1161 1858 omnes
1173 1815 1266 1858 istae
1279 1816 1394 1858 villae
1414 1830 1458 1858 se
1469 1816 1691 1858 redderent
1704 1816 1751 1857 in
1766 1816 1856 1870 ejus

362 1874 583 1916 manibus:
632 1887 686 1916 ne
725 1873 844 1924 forte,
877 1878 974 1928 post
1003 1873 1288 1929 perdicionem
1322 1874 1508 1916 civitatis
1537 1873 1857 1923 Aurilianensis,

361 1945 495 1998 quam·
506 1944 651 1974 omnes
671 1935 901 1974 tenuerunt
924 1931 1015 1973 sine
1034 1931 1354 1986 recuperacione
1382 1931 1602 1986 perditam,
1621 1930 1857 1986 Anglorum

361 1989 574 2044 principes
603 1991 738 2031 totam
766 1989 947 2044 patriam
978 2002 1076 2031 cum
1110 1989 1354 2030 civitatibus
1384 1992 1427 2031 et
1459 1989 1575 2030 villis
1605 1988 1857 2043 supradictis

362 2061 450 2089 suae
470 2047 629 2089 dicioni
648 2047 932 2112 subjugarent,
952 2050 995 2088 et
1014 2059 1089 2101 per
1117 2059 1377 2100 consequens
1403 2049 1542 2088 totum
1570 2060 1771 2100 regnum3
1814 2049 1858 2088 et

362 2105 424 2146 sic
444 2118 688 2159 nuncquam
707 2104 1021 2170 imperpetuum
1041 2103 1148 2146 forte
1168 2103 1220 2145 de
1236 2117 1380 2145 eorum
1391 2104 1588 2145 manibus
1601 2104 1856 2145 Francorum

361 2162 529 2217 regibus
558 2162 793 2217 recuperari
821 2160 1093 2216 potuissent13
1121 2175 1307 2217 regnum,
1328 2161 1432 2203 sed
1420 2175 1467 2202 111
1494 2161 1730 2216 Anglorum
1759 2161 1859 2203 sub-

356 2220 561 2274 jeccionis
582 2220 798 2270 servitute,
817 2218 1005 2275 expulsis
1019 2219 1284 2261 naturalibus
1299 2218 1779 2274 pxincipibus‚—cujus
1766 2232 1858 2273 ipse

362 2290 489 2319 causa
516 2278 872 2332 suia—perpetuo
904 2281 1146 2319 remaneret.
1207 2277 1332 2327 Nam,
1359 2276 1536 2331 perditis
1564 2276 1648 2318 hiis
1678 2280 1859 2331 quatuor

361 2334 432 2376 vel
451 2335 639 2390 quinque
659 2335 917 2385 civitatibus,
937 2334 1028 2376 81110
1043 2347 1309 2389 quacumque
1324 2334 1592 2376 dubitacione
1604 2347 1748 2375 omnes
1763 2333 1857 2375 aliae

362 2392 558 2435 civitates
578 2393 666 2448 regi
686 2392 930 2435 obedientes
949 2392 1126 2447 perditae
1140 2391 1347 2434 fuissent:
1376 2391 1437 2434 sic
1456 2391 1571 2447 quod
1585 2405 1671 2433 non
1685 2390 1858 2433 haberet

361 2449 410 2491 in
429 2463 555 2504 regno
575 2450 716 2492 locum
734 2450 810 2492 ubi
830 2454 958 2505 caput
977 2463 1103 2492 suum
1122 2449 1352 2492 reclinaret.

426 2604 440 2627 ¹
456 2605 493 2638 C.
511 2605 551 2638 E.
566 2607 645 2638 omit
663 2608 738 2639 et—
745 2606 962 2639 descendere.
1395 2604 1409 2627 ²
1426 2606 1462 2639 C.
1482 2606 1520 2639 E.
1539 2606 1706 2639 Tallebot.

425 2651 440 2674 ³
456 2652 495 2686 B.
513 2651 687 2694 expulsus.
900 2651 914 2674 4
930 2654 968 2686 Β.
989 2653 1025 2687 G.
1046 2653 1090 2685 D.
1110 2653 1148 2686 Ε.
1168 2654 1247 2686 omit
1264 2655 1309 2686 et.
1396 2651 1411 2674 ⁵
1427 2653 1464 2686 G.
1482 2652 1521 2686 E.
1540 2653 1679 2696 har-ang.

427 2698 443 2720 θ
458 2699 494 2732 O.
515 2699 555 2732 Ε.
575 2699 781 2741 praedietum
797 2699 956 2742 proelium
973 2699 1109 2732 Bellum
1125 2700 1169 2732 de
1186 2699 1368 2744 HarangiS.

426 2745 440 2768 ⁷
458 2746 495 2779 Ο.
513 2746 551 2780 Ε.
571 2745 715 2779 Orliens.
896 2744 911 2767 ⁸
926 2747 964 2779 B.
984 2746 1201 2779 cantandam.
1390 2744 1404 2767 9
1420 2746 1457 2778 C.
1476 2745 1515 2779 Ε.
1535 2745 1637 2787 quod.

410 2792 439 2815 ¹⁰
456 2792 494 2826 C.
513 2793 552 2826 Ε.
572 2792 706 2836 Brugis.
757 2792 798 2825 D.
819 2792 954 2836 Bur-gis.
1374 2790 1402 2813 11
1419 2792 1457 2825 B.
1477 2791 1519 2824 D.
1537 2792 1656 2825 Tours.

411 2838 441 2861 ¹²
456 2840 495 2873 B.
513 2839 548 2873 C.
569 2839 612 2873 D.
630 2839 670 2872 Ε.
687 2839 730 2872 10.
1374 2837 1403 2859 ¹3
1420 2839 1455 2872 0.
1475 2838 1514 2871 E.
1534 2839 1715 2881 potuisset.
