<?xml version="1.0" encoding="UTF-8"?>
<!DOCTYPE html PUBLIC "-//W3C//DTD XHTML 1.0 Transitional//EN"
    "http://www.w3.org/TR/xhtml1/DTD/xhtml1-transitional.dtd">
<html xmlns="http://www.w3.org/1999/xhtml" xml:lang="en" lang="en">
 <head>
  <title>
</title>
<meta http-equiv="Content-Type" content="text/html;charset=utf-8" />
  <meta name='ocr-system' content='tesseract 3.04.00' />
  <meta name='ocr-capabilities' content='ocr_page ocr_carea ocr_par ocr_line ocrx_word'/>
</head>
<body>
  <div class='ocr_page' id='page_1' title='image "./liberpluscardens07plusuoft/liberpluscardens07plusuoft_0284.png"; bbox 0 0 2008 3360; ppageno 0'>
   <div class='ocr_carea' id='block_1_1' title="bbox 362 280 1363 323">
    <p class='ocr_par' dir='ltr' id='par_1_1' title="bbox 362 280 1363 323">
     <span class='ocr_line' id='line_1_1' title="bbox 362 280 1363 323; baseline 0.005 -5"><span class='ocrx_word' id='word_1_1' title='bbox 362 280 444 319; x_wconf 80' lang='lat'>232</span> <span class='ocrx_word' id='word_1_2' title='bbox 859 289 986 321; x_wconf 77' lang='lat' dir='ltr'>LIBER</span> <span class='ocrx_word' id='word_1_3' title='bbox 1005 290 1363 323; x_wconf 77' lang='lat' dir='ltr'>PLUSGARDENSIS.</span> 
     </span>
    </p>
   </div>
   <div class='ocr_carea' id='block_1_2' title="bbox 338 392 1858 2755">
    <p class='ocr_par' dir='ltr' id='par_1_2' title="bbox 338 392 1858 2755">
     <span class='ocr_line' id='line_1_2' title="bbox 358 392 1856 453; baseline 0.005 -19"><span class='ocrx_word' id='word_1_4' title='bbox 358 392 507 435; x_wconf 88' lang='lat' dir='ltr'>eodem</span> <span class='ocrx_word' id='word_1_5' title='bbox 525 407 636 436; x_wconf 88' lang='lat' dir='ltr'>anno</span> <span class='ocrx_word' id='word_1_6' title='bbox 657 393 899 449; x_wconf 88' lang='lat' dir='ltr'>capiuntur;</span> <span class='ocrx_word' id='word_1_7' title='bbox 919 397 972 445; x_wconf 89' lang='lat' dir='ltr'>et,</span> <span class='ocrx_word' id='word_1_8' title='bbox 988 394 1106 436; x_wconf 89' lang='lat' dir='ltr'>ducti</span> <span class='ocrx_word' id='word_1_9' title='bbox 1125 394 1171 436; x_wconf 90' lang='lat' dir='ltr'>in</span> <span class='ocrx_word' id='word_1_10' title='bbox 1192 394 1434 447; x_wconf 86' lang='lat' dir='ltr'>Carliolum,</span> <span class='ocrx_word' id='word_1_11' title='bbox 1449 396 1751 453; x_wconf 85' lang='lat' dir='ltr'>decapitantur.</span> <span class='ocrx_word' id='word_1_12' title='bbox 1799 399 1856 442; x_wconf 88' lang='lat' dir='ltr'>Et</span> 
     </span>
     <span class='ocr_line' id='line_1_3' title="bbox 359 451 1856 507; baseline 0.005 -15"><span class='ocrx_word' id='word_1_13' title='bbox 359 463 504 493; x_wconf 89' lang='lat' dir='ltr'>omnes</span> <span class='ocrx_word' id='word_1_14' title='bbox 524 451 600 507; x_wconf 90' lang='lat' dir='ltr'>qui</span> <span class='ocrx_word' id='word_1_15' title='bbox 619 465 645 493; x_wconf 88' lang='lat' dir='ltr'>a</span> <span class='ocrx_word' id='word_1_16' title='bbox 663 465 758 506; x_wconf 84' lang='lat' dir='ltr'>rege</span> <span class='ocrx_word' id='word_1_17' title='bbox 779 451 840 493; x_wconf 87' lang='lat' dir='ltr'>sic</span> <span class='ocrx_word' id='word_1_18' title='bbox 869 456 1131 494; x_wconf 90' lang='lat' dir='ltr'>recesserunt</span> <span class='ocrx_word' id='word_1_19' title='bbox 1150 455 1225 494; x_wconf 90' lang='lat' dir='ltr'>aut</span> <span class='ocrx_word' id='word_1_20' title='bbox 1253 457 1387 496; x_wconf 89' lang='lat' dir='ltr'>morte</span> <span class='ocrx_word' id='word_1_21' title='bbox 1406 455 1643 506; x_wconf 87' lang='lat' dir='ltr'>traduntur,</span> <span class='ocrx_word' id='word_1_22' title='bbox 1663 461 1737 499; x_wconf 88' lang='lat' dir='ltr'>aut</span> <span class='ocrx_word' id='word_1_23' title='bbox 1766 471 1856 499; x_wconf 92' lang='lat' dir='ltr'>car-</span> 
     </span>
     <span class='ocr_line' id='line_1_4' title="bbox 358 508 1856 563; baseline 0.005 -13"><span class='ocrx_word' id='word_1_24' title='bbox 358 509 522 551; x_wconf 83' lang='lat' dir='ltr'><strong>ceribus</strong></span> <span class='ocrx_word' id='word_1_25' title='bbox 543 509 849 563; x_wconf 68' lang='lat' dir='ltr'><strong>mancipantur.</strong></span> <span class='ocrx_word' id='word_1_26' title='bbox 909 508 998 550; x_wconf 88' lang='lat' dir='ltr'>Soli</span> <span class='ocrx_word' id='word_1_27' title='bbox 1012 523 1111 551; x_wconf 89' lang='lat' dir='ltr'>vero</span> <span class='ocrx_word' id='word_1_28' title='bbox 1131 523 1270 552; x_wconf 89' lang='lat' dir='ltr'>comes</span> <span class='ocrx_word' id='word_1_29' title='bbox 1284 512 1335 553; x_wconf 89' lang='lat' dir='ltr'>de</span> <span class='ocrx_word' id='word_1_30' title='bbox 1356 512 1568 554; x_wconf 82' lang='lat' dir='ltr'>Levenax1</span> <span class='ocrx_word' id='word_1_31' title='bbox 1583 517 1627 555; x_wconf 92' lang='lat' dir='ltr'>et</span> <span class='ocrx_word' id='word_1_32' title='bbox 1642 513 1856 557; x_wconf 78' lang='lat' dir='ltr'>Grilbertus</span> 
     </span>
     <span class='ocr_line' id='line_1_5' title="bbox 355 565 1857 623; baseline 0.005 -17"><span class='ocrx_word' id='word_1_33' title='bbox 355 565 409 607; x_wconf 90' lang='lat' dir='ltr'>de</span> <span class='ocrx_word' id='word_1_34' title='bbox 435 566 535 621; x_wconf 87' lang='lat' dir='ltr'>Hay</span> <span class='ocrx_word' id='word_1_35' title='bbox 555 566 607 607; x_wconf 90' lang='lat' dir='ltr'>de</span> <span class='ocrx_word' id='word_1_36' title='bbox 641 579 816 608; x_wconf 89' lang='lat' dir='ltr'>numero</span> <span class='ocrx_word' id='word_1_37' title='bbox 851 566 1061 608; x_wconf 83' lang='lat' dir='ltr'>nobilium</span> <span class='ocrx_word' id='word_1_38' title='bbox 1094 581 1235 623; x_wconf 86' lang='lat' dir='ltr'>regem</span> <span class='ocrx_word' id='word_1_39' title='bbox 1269 569 1403 610; x_wconf 89' lang='lat' dir='ltr'>secuti</span> <span class='ocrx_word' id='word_1_40' title='bbox 1437 573 1548 620; x_wconf 90' lang='lat' dir='ltr'>sunt,</span> <span class='ocrx_word' id='word_1_41' title='bbox 1584 574 1627 612; x_wconf 89' lang='lat' dir='ltr'>et</span> <span class='ocrx_word' id='word_1_42' title='bbox 1659 571 1707 612; x_wconf 87' lang='lat' dir='ltr'>in</span> <span class='ocrx_word' id='word_1_43' title='bbox 1740 573 1857 614; x_wconf 91' lang='lat' dir='ltr'>omni</span> 
     </span>
     <span class='ocr_line' id='line_1_6' title="bbox 356 623 1855 680; baseline 0.005 -16"><span class='ocrx_word' id='word_1_44' title='bbox 356 623 637 665; x_wconf 75' lang='lat' dir='ltr'>tribulacione</span> <span class='ocrx_word' id='word_1_45' title='bbox 671 637 750 665; x_wconf 89' lang='lat' dir='ltr'>sua</span> <span class='ocrx_word' id='word_1_46' title='bbox 783 623 866 665; x_wconf 90' lang='lat' dir='ltr'>sibi</span> <span class='ocrx_word' id='word_1_47' title='bbox 899 625 1074 666; x_wconf 88' lang='lat' dir='ltr'>comites</span> <span class='ocrx_word' id='word_1_48' title='bbox 1112 625 1327 669; x_wconf 84' lang='lat' dir='ltr'>individui</span> <span class='ocrx_word' id='word_1_49' title='bbox 1366 627 1469 669; x_wconf 84' lang='lat' dir='ltr'>facti</span> <span class='ocrx_word' id='word_1_50' title='bbox 1501 631 1625 680; x_wconf 82' lang='lat' dir='ltr'>sunt3</span> <span class='ocrx_word' id='word_1_51' title='bbox 1668 631 1720 679; x_wconf 88' lang='lat' dir='ltr'>et,</span> <span class='ocrx_word' id='word_1_52' title='bbox 1755 628 1855 671; x_wconf 91' lang='lat' dir='ltr'>licet</span> 
     </span>
     <span class='ocr_line' id='line_1_7' title="bbox 355 680 1857 740; baseline 0.005 -19"><span class='ocrx_word' id='word_1_53' title='bbox 355 680 597 734; x_wconf 87' lang='lat' dir='ltr'>aliquando,</span> <span class='ocrx_word' id='word_1_54' title='bbox 631 684 808 736; x_wconf 85' lang='lat' dir='ltr'>urgente</span> <span class='ocrx_word' id='word_1_55' title='bbox 839 681 1027 724; x_wconf 89' lang='lat' dir='ltr'>hostium</span> <span class='ocrx_word' id='word_1_56' title='bbox 1063 684 1371 737; x_wconf 89' lang='lat' dir='ltr'>persecucione‚</span> <span class='ocrx_word' id='word_1_57' title='bbox 1410 685 1463 726; x_wconf 89' lang='lat' dir='ltr'>ab</span> <span class='ocrx_word' id='word_1_58' title='bbox 1503 686 1593 740; x_wconf 85' lang='lat' dir='ltr'>ejus</span> <span class='ocrx_word' id='word_1_59' title='bbox 1631 687 1857 740; x_wconf 87' lang='lat' dir='ltr'>praesencia</span> 
     </span>
     <span class='ocr_line' id='line_1_8' title="bbox 356 738 1856 795; baseline 0.005 -17"><span class='ocrx_word' id='word_1_60' title='bbox 356 738 483 779; x_wconf 89' lang='lat' dir='ltr'>inviti</span> <span class='ocrx_word' id='word_1_61' title='bbox 504 738 632 780; x_wconf 84' lang='lat' dir='ltr'>divisi</span> <span class='ocrx_word' id='word_1_62' title='bbox 644 738 843 790; x_wconf 76' lang='lat' dir='ltr'>fuerant‚2</span> <span class='ocrx_word' id='word_1_63' title='bbox 857 739 910 781; x_wconf 90' lang='lat' dir='ltr'>ab</span> <span class='ocrx_word' id='word_1_64' title='bbox 931 739 1039 795; x_wconf 77' lang='lat' dir='ltr'>ejus⁸</span> <span class='ocrx_word' id='word_1_65' title='bbox 1058 744 1202 782; x_wconf 89' lang='lat' dir='ltr'>tamen</span> <span class='ocrx_word' id='word_1_66' title='bbox 1221 741 1314 792; x_wconf 93' lang='lat' dir='ltr'>fide,</span> <span class='ocrx_word' id='word_1_67' title='bbox 1330 741 1559 785; x_wconf 89' lang='lat' dir='ltr'>dileccione</span> <span class='ocrx_word' id='word_1_68' title='bbox 1579 746 1622 786; x_wconf 86' lang='lat' dir='ltr'>et</span> <span class='ocrx_word' id='word_1_69' title='bbox 1642 743 1856 785; x_wconf 77' lang='lat' dir='ltr'>adhaeren-</span> 
     </span>
     <span class='ocr_line' id='line_1_9' title="bbox 356 794 1855 855; baseline 0.005 -19"><span class='ocrx_word' id='word_1_70' title='bbox 356 794 450 845; x_wconf 81' lang='lat' dir='ltr'>cia‚⁵</span> <span class='ocrx_word' id='word_1_71' title='bbox 479 809 746 854; x_wconf 89' lang='lat' dir='ltr'>quacumque</span> <span class='ocrx_word' id='word_1_72' title='bbox 776 798 1026 840; x_wconf 75' lang='lat' dir='ltr'>necessitate</span> <span class='ocrx_word' id='word_1_73' title='bbox 1060 798 1279 853; x_wconf 87' lang='lat' dir='ltr'>compulsi,</span> <span class='ocrx_word' id='word_1_74' title='bbox 1308 813 1553 855; x_wconf 89' lang='lat' dir='ltr'>nuncquam</span> <span class='ocrx_word' id='word_1_75' title='bbox 1584 804 1855 844; x_wconf 88' lang='lat' dir='ltr'>recesserunt.</span> 
     </span>
     <span class='ocr_line' id='line_1_10' title="bbox 356 852 1857 914; baseline 0.005 -21"><span class='ocrx_word' id='word_1_76' title='bbox 356 852 413 893; x_wconf 90' lang='lat' dir='ltr'>Et</span> <span class='ocrx_word' id='word_1_77' title='bbox 432 853 667 895; x_wconf 89' lang='lat' dir='ltr'>notandum</span> <span class='ocrx_word' id='word_1_78' title='bbox 687 858 753 897; x_wconf 86' lang='lat' dir='ltr'>est</span> <span class='ocrx_word' id='word_1_79' title='bbox 771 855 898 909; x_wconf 88' lang='lat' dir='ltr'>quod,</span> <span class='ocrx_word' id='word_1_80' title='bbox 918 859 1088 911; x_wconf 89' lang='lat' dir='ltr'>propter</span> <span class='ocrx_word' id='word_1_81' title='bbox 1106 855 1197 897; x_wconf 88' lang='lat' dir='ltr'>haec</span> <span class='ocrx_word' id='word_1_82' title='bbox 1217 857 1394 900; x_wconf 86' lang='lat' dir='ltr'>servicia</span> <span class='ocrx_word' id='word_1_83' title='bbox 1414 858 1615 901; x_wconf 88' lang='lat' dir='ltr'>continua</span> <span class='ocrx_word' id='word_1_84' title='bbox 1634 862 1677 901; x_wconf 92' lang='lat' dir='ltr'>et</span> <span class='ocrx_word' id='word_1_85' title='bbox 1695 863 1857 914; x_wconf 86' lang='lat' dir='ltr'>gratan-</span> 
     </span>
     <span class='ocr_line' id='line_1_11' title="bbox 354 911 1858 970; baseline 0.004 -18"><span class='ocrx_word' id='word_1_86' title='bbox 354 913 421 952; x_wconf 86' lang='lat' dir='ltr'>ter</span> <span class='ocrx_word' id='word_1_87' title='bbox 450 924 526 966; x_wconf 90' lang='lat' dir='ltr'>per</span> <span class='ocrx_word' id='word_1_88' title='bbox 557 911 720 954; x_wconf 90' lang='lat' dir='ltr'>dictum</span> <span class='ocrx_word' id='word_1_89' title='bbox 752 912 994 955; x_wconf 86' lang='lat' dir='ltr'>Gilbertum</span> <span class='ocrx_word' id='word_1_90' title='bbox 1026 913 1078 955; x_wconf 93' lang='lat' dir='ltr'>de</span> <span class='ocrx_word' id='word_1_91' title='bbox 1110 913 1235 969; x_wconf 86' lang='lat' dir='ltr'>Haye</span> <span class='ocrx_word' id='word_1_92' title='bbox 1265 915 1354 970; x_wconf 88' lang='lat' dir='ltr'>regi</span> <span class='ocrx_word' id='word_1_93' title='bbox 1391 916 1593 967; x_wconf 84' lang='lat' dir='ltr'>exhibita,</span> <span class='ocrx_word' id='word_1_94' title='bbox 1627 930 1713 966; x_wconf 75' lang='grc'><strong>1011,</strong></span> <span class='ocrx_word' id='word_1_95' title='bbox 1753 916 1858 958; x_wconf 88' lang='lat' dir='ltr'>dicti</span> 
     </span>
     <span class='ocr_line' id='line_1_12' title="bbox 354 968 1858 1021; baseline 0.005 -12"><span class='ocrx_word' id='word_1_96' title='bbox 354 968 550 1011; x_wconf 88' lang='lat' dir='ltr'>beneficii</span> <span class='ocrx_word' id='word_1_97' title='bbox 578 983 665 1011; x_wconf 90' lang='lat' dir='ltr'>non</span> <span class='ocrx_word' id='word_1_98' title='bbox 698 970 930 1021; x_wconf 87' lang='lat' dir='ltr'>immemor,</span> <span class='ocrx_word' id='word_1_99' title='bbox 960 970 1146 1013; x_wconf 88' lang='lat' dir='ltr'>officium</span> <span class='ocrx_word' id='word_1_100' title='bbox 1180 972 1559 1016; x_wconf 87' lang='lat' dir='ltr'>constabulariatus</span> <span class='ocrx_word' id='word_1_101' title='bbox 1590 974 1746 1016; x_wconf 85' lang='lat' dir='ltr'>Scociae</span> <span class='ocrx_word' id='word_1_102' title='bbox 1775 974 1858 1015; x_wconf 90' lang='lat' dir='ltr'>sibi</span> 
     </span>
     <span class='ocr_line' id='line_1_13' title="bbox 354 1024 1857 1083; baseline 0.004 -16"><span class='ocrx_word' id='word_1_103' title='bbox 354 1024 606 1069; x_wconf 78' lang='lat' dir='ltr'>hereditarie</span> <span class='ocrx_word' id='word_1_104' title='bbox 626 1031 668 1069; x_wconf 86' lang='lat' dir='ltr'>et</span> <span class='ocrx_word' id='word_1_105' title='bbox 689 1027 777 1070; x_wconf 90' lang='lat' dir='ltr'>suis</span> <span class='ocrx_word' id='word_1_106' title='bbox 796 1032 1002 1083; x_wconf 90' lang='lat' dir='ltr'>perpetuo</span> <span class='ocrx_word' id='word_1_107' title='bbox 1022 1029 1288 1081; x_wconf 74' lang='lat' dir='ltr'>condonavit,</span> <span class='ocrx_word' id='word_1_108' title='bbox 1310 1044 1407 1073; x_wconf 91' lang='grc'><strong>011111</strong></span> <span class='ocrx_word' id='word_1_109' title='bbox 1437 1031 1532 1073; x_wconf 79' lang='lat' dir='ltr'>aliis</span> <span class='ocrx_word' id='word_1_110' title='bbox 1552 1032 1674 1073; x_wconf 88' lang='lat' dir='ltr'>terris</span> <span class='ocrx_word' id='word_1_111' title='bbox 1694 1031 1857 1074; x_wconf 65' lang='grc'><strong>5011011-</strong></span> 
     </span>
     <span class='ocr_line' id='line_1_14' title="bbox 354 1084 1858 1144; baseline 0.004 -19"><span class='ocrx_word' id='word_1_112' title='bbox 354 1084 422 1125; x_wconf 89' lang='lat' dir='ltr'>nis</span> <span class='ocrx_word' id='word_1_113' title='bbox 443 1084 495 1126; x_wconf 90' lang='lat' dir='ltr'>de</span> <span class='ocrx_word' id='word_1_114' title='bbox 516 1084 686 1140; x_wconf 87' lang='lat' dir='ltr'>Cumyn</span> <span class='ocrx_word' id='word_1_115' title='bbox 706 1085 752 1127; x_wconf 90' lang='lat' dir='ltr'>in</span> <span class='ocrx_word' id='word_1_116' title='bbox 772 1086 976 1128; x_wconf 85' lang='lat' dir='ltr'>comitatu</span> <span class='ocrx_word' id='word_1_117' title='bbox 1006 1087 1058 1129; x_wconf 92' lang='lat' dir='ltr'>de</span> <span class='ocrx_word' id='word_1_118' title='bbox 1082 1087 1310 1130; x_wconf 70' lang='lat' dir='ltr'>Buchania„</span> <span class='ocrx_word' id='word_1_119' title='bbox 1371 1089 1560 1144; x_wconf 86' lang='lat' dir='ltr'>Contigit</span> <span class='ocrx_word' id='word_1_120' title='bbox 1589 1093 1731 1131; x_wconf 88' lang='lat' dir='ltr'>autem</span> <span class='ocrx_word' id='word_1_121' title='bbox 1761 1092 1858 1144; x_wconf 89' lang='lat' dir='ltr'>post</span> 
     </span>
     <span class='ocr_line' id='line_1_15' title="bbox 353 1141 1856 1200; baseline 0.004 -17"><span class='ocrx_word' id='word_1_122' title='bbox 353 1141 443 1183; x_wconf 89' lang='lat' dir='ltr'>haec</span> <span class='ocrx_word' id='word_1_123' title='bbox 464 1142 548 1184; x_wconf 87' lang='lat' dir='ltr'>cito</span> <span class='ocrx_word' id='word_1_124' title='bbox 577 1156 716 1198; x_wconf 88' lang='lat' dir='ltr'>regem</span> <span class='ocrx_word' id='word_1_125' title='bbox 740 1143 991 1198; x_wconf 75' lang='lat' dir='ltr'>praedictum</span> <span class='ocrx_word' id='word_1_126' title='bbox 1009 1158 1036 1186; x_wconf 90' lang='lat' dir='ltr'>a</span> <span class='ocrx_word' id='word_1_127' title='bbox 1055 1145 1142 1186; x_wconf 92' lang='lat' dir='ltr'>suis</span> <span class='ocrx_word' id='word_1_128' title='bbox 1172 1146 1366 1200; x_wconf 85' lang='lat' dir='ltr'>separari,</span> <span class='ocrx_word' id='word_1_129' title='bbox 1386 1150 1429 1188; x_wconf 88' lang='lat' dir='ltr'>et</span> <span class='ocrx_word' id='word_1_130' title='bbox 1448 1147 1636 1189; x_wconf 77' lang='lat' dir='ltr'>infinitas</span> <span class='ocrx_word' id='word_1_131' title='bbox 1666 1147 1856 1189; x_wconf 85' lang='lat' dir='ltr'>miserias</span> 
     </span>
     <span class='ocr_line' id='line_1_16' title="bbox 353 1200 1855 1259; baseline 0.004 -18"><span class='ocrx_word' id='word_1_132' title='bbox 353 1200 477 1253; x_wconf 84' lang='lat' dir='ltr'>quasi</span> <span class='ocrx_word' id='word_1_133' title='bbox 506 1200 794 1256; x_wconf 74' lang='lat' dir='ltr'>importabiles</span> <span class='ocrx_word' id='word_1_134' title='bbox 824 1202 1042 1253; x_wconf 90' lang='lat' dir='ltr'>sustinere,</span> <span class='ocrx_word' id='word_1_135' title='bbox 1063 1216 1111 1244; x_wconf 86' lang='lat' dir='ltr'>ac</span> <span class='ocrx_word' id='word_1_136' title='bbox 1141 1202 1374 1245; x_wconf 85' lang='lat' dir='ltr'>innumeris</span> <span class='ocrx_word' id='word_1_137' title='bbox 1403 1204 1602 1259; x_wconf 85' lang='lat' dir='ltr'>periculis</span> <span class='ocrx_word' id='word_1_138' title='bbox 1625 1204 1855 1246; x_wconf 87' lang='lat' dir='ltr'>laborando</span> 
     </span>
     <span class='ocr_line' id='line_1_17' title="bbox 352 1258 1855 1317; baseline 0.004 -19"><span class='ocrx_word' id='word_1_139' title='bbox 352 1258 624 1312; x_wconf 87' lang='lat' dir='ltr'>conquassari</span> <span class='ocrx_word' id='word_1_140' title='bbox 636 1274 646 1309; x_wconf 91' lang='grc'><strong>;</strong></span> <span class='ocrx_word' id='word_1_141' title='bbox 676 1259 929 1314; x_wconf 90' lang='lat' dir='ltr'>quandoque</span> <span class='ocrx_word' id='word_1_142' title='bbox 955 1260 1103 1310; x_wconf 89' lang='lat' dir='ltr'>tribus,</span> <span class='ocrx_word' id='word_1_143' title='bbox 1123 1260 1376 1315; x_wconf 88' lang='lat' dir='ltr'>quandoque</span> <span class='ocrx_word' id='word_1_144' title='bbox 1405 1262 1581 1313; x_wconf 89' lang='lat' dir='ltr'>duobus,</span> <span class='ocrx_word' id='word_1_145' title='bbox 1601 1262 1855 1317; x_wconf 89' lang='lat' dir='ltr'>quandoque</span> 
     </span>
     <span class='ocr_line' id='line_1_18' title="bbox 351 1314 1853 1372; baseline 0.004 -16"><span class='ocrx_word' id='word_1_146' title='bbox 351 1314 479 1366; x_wconf 88' lang='lat' dir='ltr'>solus,</span> <span class='ocrx_word' id='word_1_147' title='bbox 513 1316 630 1357; x_wconf 91' lang='lat' dir='ltr'>omni</span> <span class='ocrx_word' id='word_1_148' title='bbox 662 1316 783 1371; x_wconf 87' lang='lat' dir='ltr'>quasi</span> <span class='ocrx_word' id='word_1_149' title='bbox 814 1316 974 1359; x_wconf 84' lang='lat' dir='ltr'>auxilio</span> <span class='ocrx_word' id='word_1_150' title='bbox 1005 1317 1192 1359; x_wconf 89' lang='lat' dir='ltr'>humano</span> <span class='ocrx_word' id='word_1_151' title='bbox 1227 1318 1470 1369; x_wconf 88' lang='lat' dir='ltr'>destitutus,</span> <span class='ocrx_word' id='word_1_152' title='bbox 1508 1333 1746 1372; x_wconf 85' lang='lat' dir='ltr'>remanere3</span> <span class='ocrx_word' id='word_1_153' title='bbox 1775 1319 1853 1361; x_wconf 88' lang='lat' dir='ltr'>ali-</span> 
     </span>
     <span class='ocr_line' id='line_1_19' title="bbox 351 1372 1855 1432; baseline 0.004 -19"><span class='ocrx_word' id='word_1_154' title='bbox 351 1372 522 1426; x_wconf 91' lang='lat' dir='ltr'>quando</span> <span class='ocrx_word' id='word_1_155' title='bbox 542 1373 749 1429; x_wconf 86' lang='lat' dir='ltr'>integram</span> <span class='ocrx_word' id='word_1_156' title='bbox 763 1374 1024 1428; x_wconf 81' lang='lat' dir='ltr'>quindenam</span> <span class='ocrx_word' id='word_1_157' title='bbox 1039 1375 1198 1429; x_wconf 86' lang='lat' dir='ltr'>absque</span> <span class='ocrx_word' id='word_1_158' title='bbox 1218 1376 1405 1418; x_wconf 89' lang='lat' dir='ltr'>ciborum</span> <span class='ocrx_word' id='word_1_159' title='bbox 1426 1377 1684 1432; x_wconf 88' lang='lat' dir='ltr'>sumpcione,</span> <span class='ocrx_word' id='word_1_160' title='bbox 1703 1381 1855 1432; x_wconf 85' lang='lat' dir='ltr'>praeter</span> 
     </span>
     <span class='ocr_line' id='line_1_20' title="bbox 351 1429 1854 1487; baseline 0.004 -16"><span class='ocrx_word' id='word_1_161' title='bbox 351 1429 502 1472; x_wconf 90' lang='lat' dir='ltr'>herbas</span> <span class='ocrx_word' id='word_1_162' title='bbox 534 1431 695 1482; x_wconf 87' lang='lat' dir='ltr'>crudas,</span> <span class='ocrx_word' id='word_1_163' title='bbox 727 1445 882 1487; x_wconf 90' lang='lat' dir='ltr'>aquam</span> <span class='ocrx_word' id='word_1_164' title='bbox 914 1436 957 1474; x_wconf 89' lang='lat' dir='ltr'>et</span> <span class='ocrx_word' id='word_1_165' title='bbox 990 1432 1067 1483; x_wconf 91' lang='lat' dir='ltr'>lac,</span> <span class='ocrx_word' id='word_1_166' title='bbox 1099 1433 1359 1485; x_wconf 88' lang='lat' dir='ltr'>transiundo,</span> <span class='ocrx_word' id='word_1_167' title='bbox 1394 1434 1689 1476; x_wconf 84' lang='lat' dir='ltr'>miserrimam⁵</span> <span class='ocrx_word' id='word_1_168' title='bbox 1719 1435 1854 1476; x_wconf 79' lang='lat' dir='ltr'>vitam</span> 
     </span>
     <span class='ocr_line' id='line_1_21' title="bbox 349 1487 1854 1540; baseline 0.004 -12"><span class='ocrx_word' id='word_1_169' title='bbox 349 1487 477 1529; x_wconf 85' lang='lat' dir='ltr'>duxit</span> <span class='ocrx_word' id='word_1_170' title='bbox 495 1488 542 1529; x_wconf 93' lang='lat' dir='ltr'>in</span> <span class='ocrx_word' id='word_1_171' title='bbox 562 1488 742 1532; x_wconf 89' lang='lat' dir='ltr'>heremo.</span> <span class='ocrx_word' id='word_1_172' title='bbox 801 1489 929 1531; x_wconf 87' lang='lat' dir='ltr'>Nunc</span> <span class='ocrx_word' id='word_1_173' title='bbox 950 1493 1105 1540; x_wconf 88' lang='lat' dir='ltr'>autem,</span> <span class='ocrx_word' id='word_1_174' title='bbox 1125 1491 1296 1533; x_wconf 86' lang='lat' dir='ltr'>attritus</span> <span class='ocrx_word' id='word_1_175' title='bbox 1321 1491 1693 1534; x_wconf 79' lang='lat' dir='ltr'>calciamentorum</span> <span class='ocrx_word' id='word_1_176' title='bbox 1711 1496 1854 1534; x_wconf 88' lang='lat' dir='ltr'>vetus-</span> 
     </span>
     <span class='ocr_line' id='line_1_22' title="bbox 349 1546 1851 1601; baseline 0.003 -14"><span class='ocrx_word' id='word_1_177' title='bbox 349 1547 449 1596; x_wconf 86' lang='lat' dir='ltr'>tate,</span> <span class='ocrx_word' id='word_1_178' title='bbox 479 1546 606 1588; x_wconf 90' lang='lat' dir='ltr'>nudis</span> <span class='ocrx_word' id='word_1_179' title='bbox 635 1546 816 1601; x_wconf 89' lang='lat' dir='ltr'>pedibus</span> <span class='ocrx_word' id='word_1_180' title='bbox 846 1547 1118 1600; x_wconf 81' lang='lat' dir='ltr'>ambulabat3</span> <span class='ocrx_word' id='word_1_181' title='bbox 1158 1562 1273 1590; x_wconf 90' lang='lat' dir='ltr'>nunc</span> <span class='ocrx_word' id='word_1_182' title='bbox 1303 1553 1447 1591; x_wconf 88' lang='lat' dir='ltr'>autem</span> <span class='ocrx_word' id='word_1_183' title='bbox 1478 1549 1592 1591; x_wconf 88' lang='lat' dir='ltr'>solus</span> <span class='ocrx_word' id='word_1_184' title='bbox 1624 1550 1670 1591; x_wconf 91' lang='lat' dir='ltr'>in</span> <span class='ocrx_word' id='word_1_185' title='bbox 1699 1549 1851 1591; x_wconf 84' lang='lat' dir='ltr'>insulis</span> 
     </span>
     <span class='ocr_line' id='line_1_23' title="bbox 349 1602 1853 1662; baseline 0.003 -18"><span class='ocrx_word' id='word_1_186' title='bbox 349 1602 533 1654; x_wconf 86' lang='lat' dir='ltr'>relictus,</span> <span class='ocrx_word' id='word_1_187' title='bbox 566 1617 680 1646; x_wconf 90' lang='lat' dir='ltr'>nunc</span> <span class='ocrx_word' id='word_1_188' title='bbox 712 1604 840 1655; x_wconf 90' lang='lat' dir='ltr'>solus,</span> <span class='ocrx_word' id='word_1_189' title='bbox 870 1604 1122 1659; x_wconf 79' lang='lat' dir='ltr'>incognitus,</span> <span class='ocrx_word' id='word_1_190' title='bbox 1153 1606 1206 1647; x_wconf 90' lang='lat' dir='ltr'>ab</span> <span class='ocrx_word' id='word_1_191' title='bbox 1238 1606 1432 1649; x_wconf 85' lang='lat' dir='ltr'>hostibus</span> <span class='ocrx_word' id='word_1_192' title='bbox 1467 1607 1650 1662; x_wconf 87' lang='lat' dir='ltr'>fugatus,</span> <span class='ocrx_word' id='word_1_193' title='bbox 1681 1621 1795 1649; x_wconf 89' lang='lat' dir='ltr'>nunc</span> <span class='ocrx_word' id='word_1_194' title='bbox 1827 1621 1853 1649; x_wconf 91' lang='lat' dir='ltr'>a</span> 
     </span>
     <span class='ocr_line' id='line_1_24' title="bbox 346 1660 1851 1718; baseline 0.004 -17"><span class='ocrx_word' id='word_1_195' title='bbox 346 1660 481 1702; x_wconf 85' lang='lat' dir='ltr'>servis</span> <span class='ocrx_word' id='word_1_196' title='bbox 502 1661 682 1716; x_wconf 86' lang='lat' dir='ltr'>propriis</span> <span class='ocrx_word' id='word_1_197' title='bbox 702 1661 938 1717; x_wconf 82' lang='lat' dir='ltr'>vilipensus</span> <span class='ocrx_word' id='word_1_198' title='bbox 960 1666 1003 1704; x_wconf 91' lang='lat' dir='ltr'>et</span> <span class='ocrx_word' id='word_1_199' title='bbox 1029 1662 1264 1718; x_wconf 87' lang='lat' dir='ltr'>despectus,</span> <span class='ocrx_word' id='word_1_200' title='bbox 1284 1664 1332 1705; x_wconf 89' lang='lat' dir='ltr'>in</span> <span class='ocrx_word' id='word_1_201' title='bbox 1361 1664 1623 1707; x_wconf 87' lang='lat' dir='ltr'>desolacione</span> <span class='ocrx_word' id='word_1_202' title='bbox 1652 1664 1851 1715; x_wconf 82' lang='lat' dir='ltr'>maxima,</span> 
     </span>
     <span class='ocr_line' id='line_1_25' title="bbox 347 1718 1853 1778; baseline 0.003 -19"><span class='ocrx_word' id='word_1_203' title='bbox 347 1718 402 1759; x_wconf 92' lang='lat' dir='ltr'>ab</span> <span class='ocrx_word' id='word_1_204' title='bbox 423 1718 620 1761; x_wconf 90' lang='lat' dir='ltr'>omnibus</span> <span class='ocrx_word' id='word_1_205' title='bbox 640 1719 753 1761; x_wconf 90' lang='lat' dir='ltr'>notis</span> <span class='ocrx_word' id='word_1_206' title='bbox 773 1720 944 1775; x_wconf 86' lang='lat' dir='ltr'>ejectus,</span> <span class='ocrx_word' id='word_1_207' title='bbox 964 1721 1208 1775; x_wconf 84' lang='lat' dir='ltr'>permansit.</span> <span class='ocrx_word' id='word_1_208' title='bbox 1269 1722 1337 1763; x_wconf 92' lang='lat' dir='ltr'>Ab</span> <span class='ocrx_word' id='word_1_209' title='bbox 1353 1721 1546 1777; x_wconf 87' lang='lat' dir='ltr'>Anglicis</span> <span class='ocrx_word' id='word_1_210' title='bbox 1567 1725 1710 1764; x_wconf 89' lang='lat' dir='ltr'>autem</span> <span class='ocrx_word' id='word_1_211' title='bbox 1729 1723 1853 1778; x_wconf 88' lang='lat' dir='ltr'>quasi</span> 
     </span>
     <span class='ocr_line' id='line_1_26' title="bbox 345 1776 1852 1833; baseline 0.003 -16"><span class='ocrx_word' id='word_1_212' title='bbox 345 1789 412 1817; x_wconf 90' lang='lat' dir='ltr'>res</span> <span class='ocrx_word' id='word_1_213' title='bbox 432 1776 610 1831; x_wconf 87' lang='lat' dir='ltr'>perdita,</span> <span class='ocrx_word' id='word_1_214' title='bbox 625 1780 668 1819; x_wconf 87' lang='lat' dir='ltr'>et</span> <span class='ocrx_word' id='word_1_215' title='bbox 688 1777 780 1819; x_wconf 88' lang='lat' dir='ltr'>sine</span> <span class='ocrx_word' id='word_1_216' title='bbox 801 1791 875 1832; x_wconf 89' lang='lat' dir='ltr'>spe</span> <span class='ocrx_word' id='word_1_217' title='bbox 894 1778 1229 1833; x_wconf 88' lang='lat' dir='ltr'>recuperacionis</span> <span class='ocrx_word' id='word_1_218' title='bbox 1244 1780 1472 1831; x_wconf 89' lang='lat' dir='ltr'>submersa,</span> <span class='ocrx_word' id='word_1_219' title='bbox 1486 1780 1554 1822; x_wconf 90' lang='lat' dir='ltr'>vel</span> <span class='ocrx_word' id='word_1_220' title='bbox 1576 1780 1732 1823; x_wconf 85' lang='lat' dir='ltr'>furtive</span> <span class='ocrx_word' id='word_1_221' title='bbox 1752 1780 1852 1822; x_wconf 88' lang='lat' dir='ltr'>sub—</span> 
     </span>
     <span class='ocr_line' id='line_1_27' title="bbox 344 1832 1850 1890; baseline 0.003 -15"><span class='ocrx_word' id='word_1_222' title='bbox 344 1832 443 1884; x_wconf 86' lang='lat' dir='ltr'>lata,</span> <span class='ocrx_word' id='word_1_223' title='bbox 464 1833 511 1875; x_wconf 90' lang='lat' dir='ltr'>in</span> <span class='ocrx_word' id='word_1_224' title='bbox 540 1834 730 1877; x_wconf 86' lang='lat' dir='ltr'>ecclesiis</span> <span class='ocrx_word' id='word_1_225' title='bbox 759 1834 920 1890; x_wconf 87' lang='lat' dir='ltr'>inquiri</span> <span class='ocrx_word' id='word_1_226' title='bbox 942 1835 1129 1890; x_wconf 87' lang='lat' dir='ltr'>jubetur.</span> <span class='ocrx_word' id='word_1_227' title='bbox 1188 1837 1244 1879; x_wconf 89' lang='lat' dir='ltr'>Et</span> <span class='ocrx_word' id='word_1_228' title='bbox 1273 1837 1335 1879; x_wconf 88' lang='grc'>810</span> <span class='ocrx_word' id='word_1_229' title='bbox 1363 1838 1418 1879; x_wconf 83' lang='grc'>01)</span> <span class='ocrx_word' id='word_1_230' title='bbox 1449 1838 1645 1879; x_wconf 89' lang='lat' dir='ltr'>omnibus</span> <span class='ocrx_word' id='word_1_231' title='bbox 1678 1837 1850 1879; x_wconf 85' lang='lat' dir='ltr'>habitus</span> 
     </span>
     <span class='ocr_line' id='line_1_28' title="bbox 345 1891 1850 1950; baseline 0.003 -17"><span class='ocrx_word' id='word_1_232' title='bbox 345 1895 412 1933; x_wconf 88' lang='lat' dir='ltr'>est</span> <span class='ocrx_word' id='word_1_233' title='bbox 431 1891 478 1933; x_wconf 92' lang='lat' dir='ltr'>in</span> <span class='ocrx_word' id='word_1_234' title='bbox 498 1891 708 1935; x_wconf 89' lang='lat' dir='ltr'>derisum:</span> <span class='ocrx_word' id='word_1_235' title='bbox 739 1892 800 1934; x_wconf 88' lang='lat' dir='ltr'>sic</span> <span class='ocrx_word' id='word_1_236' title='bbox 821 1893 935 1948; x_wconf 92' lang='lat' dir='ltr'>quod</span> <span class='ocrx_word' id='word_1_237' title='bbox 954 1892 1194 1948; x_wconf 87' lang='lat' dir='ltr'>aliquando,</span> <span class='ocrx_word' id='word_1_238' title='bbox 1214 1894 1262 1936; x_wconf 94' lang='lat' dir='ltr'>in</span> <span class='ocrx_word' id='word_1_239' title='bbox 1281 1908 1357 1936; x_wconf 89' lang='lat' dir='ltr'>sua</span> <span class='ocrx_word' id='word_1_240' title='bbox 1386 1898 1533 1950; x_wconf 87' lang='lat' dir='ltr'>postea</span> <span class='ocrx_word' id='word_1_241' title='bbox 1561 1894 1850 1950; x_wconf 85' lang='lat' dir='ltr'>prosperitate,</span> 
     </span>
     <span class='ocr_line' id='line_1_29' title="bbox 345 1949 1849 2007; baseline 0.003 -16"><span class='ocrx_word' id='word_1_242' title='bbox 345 1962 445 1991; x_wconf 91' lang='lat' dir='ltr'>eum</span> <span class='ocrx_word' id='word_1_243' title='bbox 464 1949 517 1991; x_wconf 88' lang='lat' dir='ltr'>ab</span> <span class='ocrx_word' id='word_1_244' title='bbox 537 1949 751 2005; x_wconf 84' lang='lat' dir='ltr'>aliquibus</span> <span class='ocrx_word' id='word_1_245' title='bbox 770 1950 832 1992; x_wconf 88' lang='lat' dir='ltr'>sic</span> <span class='ocrx_word' id='word_1_246' title='bbox 853 1951 986 1992; x_wconf 89' lang='lat' dir='ltr'>fertur</span> <span class='ocrx_word' id='word_1_247' title='bbox 1003 1950 1134 2005; x_wconf 88' lang='lat' dir='ltr'>loqui,</span> <span class='ocrx_word' id='word_1_248' title='bbox 1155 1951 1300 1994; x_wconf 88' lang='lat' dir='ltr'>dicens</span> <span class='ocrx_word' id='word_1_249' title='bbox 1327 1952 1451 2007; x_wconf 90' lang='lat' dir='ltr'>quod,</span> <span class='ocrx_word' id='word_1_250' title='bbox 1472 1952 1510 1994; x_wconf 89' lang='lat' dir='ltr'>si</span> <span class='ocrx_word' id='word_1_251' title='bbox 1537 1952 1710 1995; x_wconf 86' lang='lat' dir='ltr'>libertas</span> <span class='ocrx_word' id='word_1_252' title='bbox 1731 1953 1849 1995; x_wconf 88' lang='lat' dir='ltr'>Scot-</span> 
     </span>
     <span class='ocr_line' id='line_1_30' title="bbox 345 2006 1850 2064; baseline 0.003 -16"><span class='ocrx_word' id='word_1_253' title='bbox 345 2020 466 2048; x_wconf 92' lang='lat' dir='ltr'>orum</span> <span class='ocrx_word' id='word_1_254' title='bbox 486 2006 541 2049; x_wconf 90' lang='lat' dir='ltr'>ad</span> <span class='ocrx_word' id='word_1_255' title='bbox 559 2007 664 2049; x_wconf 87' lang='lat' dir='ltr'>talia</span> <span class='ocrx_word' id='word_1_256' title='bbox 683 2007 982 2050; x_wconf 90' lang='lat' dir='ltr'>sustinendum</span> <span class='ocrx_word' id='word_1_257' title='bbox 1001 2022 1088 2050; x_wconf 89' lang='lat' dir='ltr'>non</span> <span class='ocrx_word' id='word_1_258' title='bbox 1107 2013 1305 2059; x_wconf 86' lang='lat' dir='ltr'>moveret,</span> <span class='ocrx_word' id='word_1_259' title='bbox 1325 2008 1417 2064; x_wconf 76' lang='lat' dir='ltr'>per⁶</span> <span class='ocrx_word' id='word_1_260' title='bbox 1431 2010 1567 2052; x_wconf 89' lang='lat' dir='ltr'>tocius</span> <span class='ocrx_word' id='word_1_261' title='bbox 1588 2010 1700 2052; x_wconf 92' lang='lat' dir='ltr'>orbis</span> <span class='ocrx_word' id='word_1_262' title='bbox 1720 2014 1850 2053; x_wconf 87' lang='lat' dir='ltr'>terra-</span> 
     </span>
     <span class='ocr_line' id='line_1_31' title="bbox 344 2064 1851 2123; baseline 0.003 -17"><span class='ocrx_word' id='word_1_263' title='bbox 344 2078 440 2106; x_wconf 91' lang='lat' dir='ltr'>rum</span> <span class='ocrx_word' id='word_1_264' title='bbox 459 2064 637 2119; x_wconf 89' lang='lat' dir='ltr'>imperio</span> <span class='ocrx_word' id='word_1_265' title='bbox 667 2079 716 2107; x_wconf 89' lang='lat' dir='ltr'>ea</span> <span class='ocrx_word' id='word_1_266' title='bbox 733 2065 804 2107; x_wconf 89' lang='lat' dir='ltr'>vel</span> <span class='ocrx_word' id='word_1_267' title='bbox 832 2064 936 2108; x_wconf 84' lang='lat' dir='ltr'>talia</span> <span class='ocrx_word' id='word_1_268' title='bbox 965 2065 1120 2107; x_wconf 86' lang='lat' dir='ltr'>iterum</span> <span class='ocrx_word' id='word_1_269' title='bbox 1150 2066 1359 2109; x_wconf 89' lang='lat' dir='ltr'>sustinere</span> <span class='ocrx_word' id='word_1_270' title='bbox 1383 2067 1616 2110; x_wconf 74' lang='lat' dir='ltr'>voluisset.⁷</span> <span class='ocrx_word' id='word_1_271' title='bbox 1673 2068 1851 2123; x_wconf 87' lang='lat' dir='ltr'>Propter</span> 
     </span>
     <span class='ocr_line' id='line_1_32' title="bbox 344 2122 1847 2181; baseline 0.003 -17"><span class='ocrx_word' id='word_1_272' title='bbox 344 2135 441 2177; x_wconf 86' lang='lat' dir='ltr'>quae</span> <span class='ocrx_word' id='word_1_273' title='bbox 461 2122 603 2164; x_wconf 85' lang='lat' dir='ltr'>omnia</span> <span class='ocrx_word' id='word_1_274' title='bbox 623 2122 800 2165; x_wconf 87' lang='lat' dir='ltr'>adversa</span> <span class='ocrx_word' id='word_1_275' title='bbox 818 2136 897 2165; x_wconf 88' lang='grc'><strong>1100</strong></span> <span class='ocrx_word' id='word_1_276' title='bbox 913 2123 968 2165; x_wconf 88' lang='lat' dir='ltr'>ad</span> <span class='ocrx_word' id='word_1_277' title='bbox 987 2123 1072 2165; x_wconf 90' lang='lat' dir='ltr'>huc</span> <span class='ocrx_word' id='word_1_278' title='bbox 1087 2123 1169 2165; x_wconf 76' lang='lat' dir='ltr'>fuit</span> <span class='ocrx_word' id='word_1_279' title='bbox 1189 2124 1234 2166; x_wconf 89' lang='lat' dir='ltr'>in</span> <span class='ocrx_word' id='word_1_280' title='bbox 1256 2124 1377 2167; x_wconf 90' lang='lat' dir='ltr'>corde</span> <span class='ocrx_word' id='word_1_281' title='bbox 1393 2126 1533 2168; x_wconf 87' lang='lat' dir='ltr'>victus</span> <span class='ocrx_word' id='word_1_282' title='bbox 1554 2126 1847 2181; x_wconf 90' lang='lat' dir='ltr'>quoquomodo</span> 
     </span>
     <span class='ocr_line' id='line_1_33' title="bbox 344 2180 1846 2238; baseline 0.003 -17"><span class='ocrx_word' id='word_1_283' title='bbox 344 2183 421 2221; x_wconf 89' lang='lat' dir='ltr'>aut</span> <span class='ocrx_word' id='word_1_284' title='bbox 439 2184 686 2235; x_wconf 85' lang='lat' dir='ltr'>superatus;</span> <span class='ocrx_word' id='word_1_285' title='bbox 715 2180 789 2223; x_wconf 91' lang='lat' dir='ltr'>sed</span> <span class='ocrx_word' id='word_1_286' title='bbox 818 2194 984 2236; x_wconf 85' lang='lat' dir='ltr'>semper</span> <span class='ocrx_word' id='word_1_287' title='bbox 1004 2182 1083 2223; x_wconf 91' lang='lat' dir='ltr'>sub</span> <span class='ocrx_word' id='word_1_288' title='bbox 1113 2194 1188 2236; x_wconf 87' lang='lat' dir='ltr'>spe</span> <span class='ocrx_word' id='word_1_289' title='bbox 1217 2196 1394 2238; x_wconf 85' lang='lat' dir='ltr'>regnum</span> <span class='ocrx_word' id='word_1_290' title='bbox 1422 2183 1710 2238; x_wconf 90' lang='lat' dir='ltr'>recuperandi,</span> <span class='ocrx_word' id='word_1_291' title='bbox 1730 2186 1774 2226; x_wconf 92' lang='lat' dir='ltr'>et</span> <span class='ocrx_word' id='word_1_292' title='bbox 1793 2184 1846 2225; x_wconf 90' lang='lat' dir='ltr'>ab</span> 
     </span>
     <span class='ocr_line' id='line_1_34' title="bbox 343 2238 1848 2295; baseline 0.003 -16"><span class='ocrx_word' id='word_1_293' title='bbox 343 2238 463 2279; x_wconf 86' lang='lat' dir='ltr'>omni</span> <span class='ocrx_word' id='word_1_294' title='bbox 481 2238 762 2293; x_wconf 85' lang='lat' dir='ltr'>subjeccionis</span> <span class='ocrx_word' id='word_1_295' title='bbox 781 2239 988 2281; x_wconf 88' lang='lat' dir='ltr'>servitute</span> <span class='ocrx_word' id='word_1_296' title='bbox 1003 2239 1281 2291; x_wconf 78' lang='lat' dir='ltr'>liberandum,</span> <span class='ocrx_word' id='word_1_297' title='bbox 1294 2254 1342 2282; x_wconf 87' lang='lat' dir='ltr'>ac</span> <span class='ocrx_word' id='word_1_298' title='bbox 1357 2244 1528 2295; x_wconf 87' lang='lat' dir='ltr'>gentem</span> <span class='ocrx_word' id='word_1_299' title='bbox 1545 2255 1666 2283; x_wconf 89' lang='lat' dir='ltr'>suam</span> <span class='ocrx_word' id='word_1_300' title='bbox 1680 2240 1848 2283; x_wconf 89' lang='lat' dir='ltr'>fidelem</span> 
     </span>
     <span class='ocr_line' id='line_1_35' title="bbox 343 2295 1845 2352; baseline 0.002 -16"><span class='ocrx_word' id='word_1_301' title='bbox 343 2295 398 2336; x_wconf 87' lang='lat' dir='ltr'>ad</span> <span class='ocrx_word' id='word_1_302' title='bbox 417 2309 566 2350; x_wconf 88' lang='lat' dir='ltr'>pacem</span> <span class='ocrx_word' id='word_1_303' title='bbox 586 2299 629 2338; x_wconf 91' lang='lat' dir='ltr'>et</span> <span class='ocrx_word' id='word_1_304' title='bbox 648 2296 969 2351; x_wconf 85' lang='lat' dir='ltr'>prosperitatem</span> <span class='ocrx_word' id='word_1_305' title='bbox 999 2310 1098 2339; x_wconf 90' lang='lat' dir='ltr'>cum</span> <span class='ocrx_word' id='word_1_306' title='bbox 1125 2297 1280 2352; x_wconf 87' lang='lat' dir='ltr'>gaudio</span> <span class='ocrx_word' id='word_1_307' title='bbox 1309 2298 1602 2341; x_wconf 87' lang='lat' dir='ltr'>reducendam.</span> <span class='ocrx_word' id='word_1_308' title='bbox 1660 2298 1717 2340; x_wconf 88' lang='lat' dir='ltr'>Et</span> <span class='ocrx_word' id='word_1_309' title='bbox 1743 2298 1845 2339; x_wconf 91' lang='lat' dir='ltr'>dum</span> 
     </span>
     <span class='ocr_line' id='line_1_36' title="bbox 342 2352 1845 2410; baseline 0.001 -16"><span class='ocrx_word' id='word_1_310' title='bbox 342 2352 403 2394; x_wconf 82' lang='lat' dir='ltr'>sic</span> <span class='ocrx_word' id='word_1_311' title='bbox 439 2354 492 2395; x_wconf 89' lang='lat' dir='ltr'>ab</span> <span class='ocrx_word' id='word_1_312' title='bbox 522 2353 731 2404; x_wconf 88' lang='lat' dir='ltr'>omnibus,</span> <span class='ocrx_word' id='word_1_313' title='bbox 752 2358 841 2396; x_wconf 86' lang='lat' dir='ltr'>tam</span> <span class='ocrx_word' id='word_1_314' title='bbox 869 2353 1120 2409; x_wconf 88' lang='lat' dir='ltr'>propinquis</span> <span class='ocrx_word' id='word_1_315' title='bbox 1151 2369 1279 2410; x_wconf 89' lang='lat' dir='ltr'>quam</span> <span class='ocrx_word' id='word_1_316' title='bbox 1309 2356 1492 2407; x_wconf 84' lang='lat' dir='ltr'>remotis,</span> <span class='ocrx_word' id='word_1_317' title='bbox 1512 2356 1684 2398; x_wconf 87' lang='lat' dir='ltr'>habitus</span> <span class='ocrx_word' id='word_1_318' title='bbox 1712 2359 1778 2397; x_wconf 88' lang='lat' dir='ltr'>est</span> <span class='ocrx_word' id='word_1_319' title='bbox 1797 2356 1845 2396; x_wconf 89' lang='lat' dir='ltr'>in</span> 
     </span>
     <span class='ocr_line' id='line_1_37' title="bbox 340 2409 1844 2469; baseline 0.002 -18"><span class='ocrx_word' id='word_1_320' title='bbox 340 2409 529 2460; x_wconf 87' lang='lat' dir='ltr'>sibilum,</span> <span class='ocrx_word' id='word_1_321' title='bbox 560 2411 751 2453; x_wconf 85' lang='lat' dir='ltr'>fabulam</span> <span class='ocrx_word' id='word_1_322' title='bbox 795 2414 839 2453; x_wconf 89' lang='lat' dir='ltr'>et</span> <span class='ocrx_word' id='word_1_323' title='bbox 880 2411 1076 2463; x_wconf 86' lang='lat' dir='ltr'>derisum,</span> <span class='ocrx_word' id='word_1_324' title='bbox 1115 2416 1260 2455; x_wconf 89' lang='lat' dir='ltr'>tamen</span> <span class='ocrx_word' id='word_1_325' title='bbox 1306 2414 1575 2469; x_wconf 89' lang='lat' dir='ltr'>omnipotens</span> <span class='ocrx_word' id='word_1_326' title='bbox 1622 2413 1844 2463; x_wconf 87' lang='lat' dir='ltr'>Dominus,</span> 
     </span>
     <span class='ocr_line' id='line_1_38' title="bbox 341 2466 1841 2526; baseline 0.002 -18"><span class='ocrx_word' id='word_1_327' title='bbox 341 2466 561 2509; x_wconf 87' lang='lat' dir='ltr'>miserator</span> <span class='ocrx_word' id='word_1_328' title='bbox 592 2472 635 2511; x_wconf 82' lang='lat' dir='ltr'>et</span> <span class='ocrx_word' id='word_1_329' title='bbox 665 2469 911 2520; x_wconf 77' lang='lat' dir='ltr'>misericors,</span> <span class='ocrx_word' id='word_1_330' title='bbox 943 2470 1019 2524; x_wconf 90' lang='lat' dir='ltr'>qui</span> <span class='ocrx_word' id='word_1_331' title='bbox 1049 2469 1231 2512; x_wconf 89' lang='lat' dir='ltr'>humilia</span> <span class='ocrx_word' id='word_1_332' title='bbox 1261 2471 1434 2526; x_wconf 86' lang='lat' dir='ltr'>respicit</span> <span class='ocrx_word' id='word_1_333' title='bbox 1465 2475 1508 2513; x_wconf 86' lang='lat' dir='ltr'>et</span> <span class='ocrx_word' id='word_1_334' title='bbox 1542 2470 1629 2513; x_wconf 85' lang='lat' dir='ltr'>alta</span> <span class='ocrx_word' id='word_1_335' title='bbox 1662 2483 1687 2512; x_wconf 86' lang='lat' dir='ltr'>a</span> <span class='ocrx_word' id='word_1_336' title='bbox 1717 2470 1841 2524; x_wconf 84' lang='lat' dir='ltr'>longe</span> 
     </span>
     <span class='ocr_line' id='line_1_39' title="bbox 340 2525 1843 2582; baseline 0.003 -17"><span class='ocrx_word' id='word_1_337' title='bbox 340 2525 567 2579; x_wconf 87' lang='lat' dir='ltr'>cognoscit,</span> <span class='ocrx_word' id='word_1_338' title='bbox 605 2539 681 2580; x_wconf 90' lang='lat' dir='ltr'>per</span> <span class='ocrx_word' id='word_1_339' title='bbox 718 2526 970 2581; x_wconf 87' lang='lat' dir='ltr'>potenciam,</span> <span class='ocrx_word' id='word_1_340' title='bbox 1010 2527 1237 2569; x_wconf 90' lang='lat' dir='ltr'>consilium</span> <span class='ocrx_word' id='word_1_341' title='bbox 1281 2532 1324 2570; x_wconf 91' lang='lat' dir='ltr'>et</span> <span class='ocrx_word' id='word_1_342' title='bbox 1363 2528 1574 2570; x_wconf 85' lang='lat' dir='ltr'>auxilium</span> <span class='ocrx_word' id='word_1_343' title='bbox 1622 2527 1843 2582; x_wconf 82' lang='lat' dir='ltr'>cujusdam</span> 
     </span>
     <span class='ocr_line' id='line_1_40' title="bbox 339 2581 1842 2639; baseline 0.003 -17"><span class='ocrx_word' id='word_1_344' title='bbox 339 2581 494 2623; x_wconf 88' lang='lat' dir='ltr'>nobilis</span> <span class='ocrx_word' id='word_1_345' title='bbox 509 2582 688 2633; x_wconf 75' lang='lat' dir='ltr'>feminae,</span> <span class='ocrx_word' id='word_1_346' title='bbox 705 2584 958 2626; x_wconf 79' lang='lat' dir='ltr'>Christianae</span> <span class='ocrx_word' id='word_1_347' title='bbox 974 2584 1026 2626; x_wconf 89' lang='lat' dir='ltr'>de</span> <span class='ocrx_word' id='word_1_348' title='bbox 1047 2585 1220 2635; x_wconf 89' lang='lat' dir='ltr'>Insulis,</span> <span class='ocrx_word' id='word_1_349' title='bbox 1237 2585 1319 2627; x_wconf 90' lang='lat' dir='ltr'>sibi</span> <span class='ocrx_word' id='word_1_350' title='bbox 1332 2586 1557 2635; x_wconf 85' lang='lat' dir='ltr'>benevolae,</span> <span class='ocrx_word' id='word_1_351' title='bbox 1569 2588 1665 2639; x_wconf 89' lang='lat' dir='ltr'>post</span> <span class='ocrx_word' id='word_1_352' title='bbox 1684 2585 1842 2627; x_wconf 84' lang='lat' dir='ltr'>multos</span> 
     </span>
     <span class='ocr_line' id='line_1_41' title="bbox 339 2639 1842 2697; baseline 0.001 -15"><span class='ocrx_word' id='word_1_353' title='bbox 339 2642 385 2682; x_wconf 89' lang='lat' dir='ltr'>et</span> <span class='ocrx_word' id='word_1_354' title='bbox 402 2639 541 2684; x_wconf 82' lang='lat' dir='ltr'>varios</span> <span class='ocrx_word' id='word_1_355' title='bbox 561 2639 723 2682; x_wconf 85' lang='lat' dir='ltr'>labores</span> <span class='ocrx_word' id='word_1_356' title='bbox 743 2644 786 2682; x_wconf 91' lang='lat' dir='ltr'>et</span> <span class='ocrx_word' id='word_1_357' title='bbox 806 2641 1007 2683; x_wconf 86' lang='lat' dir='ltr'>circuitus</span> <span class='ocrx_word' id='word_1_358' title='bbox 1028 2645 1071 2684; x_wconf 87' lang='lat' dir='ltr'>et</span> <span class='ocrx_word' id='word_1_359' title='bbox 1091 2655 1317 2697; x_wconf 87' lang='lat' dir='ltr'>pressuras,</span> <span class='ocrx_word' id='word_1_360' title='bbox 1336 2643 1501 2685; x_wconf 87' lang='lat' dir='ltr'>rediens</span> <span class='ocrx_word' id='word_1_361' title='bbox 1527 2642 1582 2684; x_wconf 90' lang='lat' dir='ltr'>ad</span> <span class='ocrx_word' id='word_1_362' title='bbox 1602 2642 1691 2697; x_wconf 85' lang='lat' dir='ltr'>ejus</span> <span class='ocrx_word' id='word_1_363' title='bbox 1712 2642 1842 2684; x_wconf 91' lang='lat' dir='ltr'>comi-</span> 
     </span>
     <span class='ocr_line' id='line_1_42' title="bbox 338 2696 1842 2755; baseline 0.002 -16"><span class='ocrx_word' id='word_1_364' title='bbox 338 2699 478 2739; x_wconf 84' lang='lat' dir='ltr'>tatum</span> <span class='ocrx_word' id='word_1_365' title='bbox 498 2696 550 2739; x_wconf 87' lang='lat' dir='ltr'>de</span> <span class='ocrx_word' id='word_1_366' title='bbox 572 2696 733 2748; x_wconf 82' lang='lat' dir='ltr'>Gan-ik,</span> <span class='ocrx_word' id='word_1_367' title='bbox 753 2698 900 2740; x_wconf 86' lang='lat' dir='ltr'>statim</span> <span class='ocrx_word' id='word_1_368' title='bbox 927 2712 1063 2740; x_wconf 89' lang='lat' dir='ltr'>unum</span> <span class='ocrx_word' id='word_1_369' title='bbox 1084 2700 1136 2741; x_wconf 92' lang='lat' dir='ltr'>de</span> <span class='ocrx_word' id='word_1_370' title='bbox 1166 2700 1314 2742; x_wconf 83' lang='lat' dir='ltr'>castris</span> <span class='ocrx_word' id='word_1_371' title='bbox 1344 2699 1453 2755; x_wconf 80' lang='lat' dir='ltr'>ejus⁸</span> <span class='ocrx_word' id='word_1_372' title='bbox 1471 2700 1758 2755; x_wconf 83' lang='lat' dir='ltr'>recuperavit3</span> <span class='ocrx_word' id='word_1_373' title='bbox 1786 2704 1842 2751; x_wconf 87' lang='lat' dir='ltr'>et,</span> 
     </span>
    </p>
   </div>
   <div class='ocr_carea' id='block_1_3' title="bbox 398 2846 1748 2984">
    <p class='ocr_par' dir='ltr' id='par_1_3' title="bbox 398 2846 1748 2984">
     <span class='ocr_line' id='line_1_43' title="bbox 403 2846 1721 2884; baseline 0.002 -4"><span class='ocrx_word' id='word_1_374' title='bbox 403 2846 416 2868; x_wconf 87' lang='lat'>¹</span> <span class='ocrx_word' id='word_1_375' title='bbox 432 2847 470 2881; x_wconf 84' lang='lat' dir='ltr'>O.</span> <span class='ocrx_word' id='word_1_376' title='bbox 490 2847 619 2881; x_wconf 83' lang='lat' dir='ltr'>Lenax.</span> <span class='ocrx_word' id='word_1_377' title='bbox 669 2847 715 2880; x_wconf 90' lang='lat' dir='ltr'>D.</span> <span class='ocrx_word' id='word_1_378' title='bbox 733 2847 886 2882; x_wconf 79' lang='lat' dir='ltr'>Lenaux.</span> <span class='ocrx_word' id='word_1_379' title='bbox 936 2847 975 2880; x_wconf 86' lang='lat' dir='ltr'>E.</span> <span class='ocrx_word' id='word_1_380' title='bbox 995 2848 1124 2882; x_wconf 79' lang='lat' dir='ltr'>Lenox.</span> <span class='ocrx_word' id='word_1_381' title='bbox 1422 2847 1437 2870; x_wconf 76' lang='lat'>2</span> <span class='ocrx_word' id='word_1_382' title='bbox 1453 2849 1489 2883; x_wconf 85' lang='lat' dir='ltr'>C.</span> <span class='ocrx_word' id='word_1_383' title='bbox 1509 2849 1548 2882; x_wconf 79' lang='lat' dir='ltr'>E.</span> <span class='ocrx_word' id='word_1_384' title='bbox 1568 2850 1721 2884; x_wconf 85' lang='lat' dir='ltr'>fuerunt.</span> 
     </span>
     <span class='ocr_line' id='line_1_44' title="bbox 399 2893 1748 2937; baseline 0.002 -9"><span class='ocrx_word' id='word_1_385' title='bbox 399 2893 416 2915; x_wconf 80' lang='lat'>3</span> <span class='ocrx_word' id='word_1_386' title='bbox 433 2894 468 2928; x_wconf 83' lang='lat' dir='ltr'>O.</span> <span class='ocrx_word' id='word_1_387' title='bbox 488 2894 531 2928; x_wconf 88' lang='lat' dir='ltr'>D.</span> <span class='ocrx_word' id='word_1_388' title='bbox 550 2894 588 2927; x_wconf 81' lang='lat' dir='ltr'>E.</span> <span class='ocrx_word' id='word_1_389' title='bbox 606 2894 775 2937; x_wconf 81' lang='lat' dir='ltr'>ejusdem.</span> <span class='ocrx_word' id='word_1_390' title='bbox 870 2893 883 2915; x_wconf 75' lang='lat'>⁴</span> <span class='ocrx_word' id='word_1_391' title='bbox 902 2894 939 2929; x_wconf 90' lang='lat' dir='ltr'>B.</span> <span class='ocrx_word' id='word_1_392' title='bbox 959 2894 1138 2928; x_wconf 82' lang='lat' dir='ltr'>haerencia.</span> <span class='ocrx_word' id='word_1_393' title='bbox 1420 2894 1435 2917; x_wconf 78' lang='lat'>⁵</span> <span class='ocrx_word' id='word_1_394' title='bbox 1450 2896 1487 2929; x_wconf 81' lang='lat' dir='ltr'>O.</span> <span class='ocrx_word' id='word_1_395' title='bbox 1507 2896 1546 2929; x_wconf 91' lang='lat' dir='ltr'>E.</span> <span class='ocrx_word' id='word_1_396' title='bbox 1565 2897 1748 2931; x_wconf 71' lang='lat' dir='ltr'>miseriam.</span> 
     </span>
     <span class='ocr_line' id='line_1_45' title="bbox 398 2939 1651 2984; baseline 0.002 -10"><span class='ocrx_word' id='word_1_397' title='bbox 398 2939 416 2962; x_wconf 64' lang='grc' dir='ltr'><strong>ὅ</strong></span> <span class='ocrx_word' id='word_1_398' title='bbox 431 2941 470 2974; x_wconf 89' lang='grc' dir='ltr'>Β.</span> <span class='ocrx_word' id='word_1_399' title='bbox 490 2940 525 2974; x_wconf 82' lang='grc' dir='ltr'>Ο.</span> <span class='ocrx_word' id='word_1_400' title='bbox 545 2941 586 2974; x_wconf 85' lang='grc' dir='ltr'>Ε.</span> <span class='ocrx_word' id='word_1_401' title='bbox 607 2952 678 2984; x_wconf 86' lang='lat' dir='ltr'>pro.</span> <span class='ocrx_word' id='word_1_402' title='bbox 868 2940 882 2963; x_wconf 76' lang='lat'>⁷</span> <span class='ocrx_word' id='word_1_403' title='bbox 899 2941 938 2975; x_wconf 90' lang='lat' dir='ltr'>B.</span> <span class='ocrx_word' id='word_1_404' title='bbox 955 2941 992 2975; x_wconf 82' lang='grc' dir='ltr'>Ο.</span> <span class='ocrx_word' id='word_1_405' title='bbox 1011 2942 1054 2975; x_wconf 93' lang='lat' dir='ltr'>D.</span> <span class='ocrx_word' id='word_1_406' title='bbox 1073 2942 1112 2975; x_wconf 80' lang='grc' dir='ltr'>Ε.</span> <span class='ocrx_word' id='word_1_407' title='bbox 1131 2941 1308 2975; x_wconf 80' lang='lat' dir='ltr'>noluisset.</span> <span class='ocrx_word' id='word_1_408' title='bbox 1421 2940 1434 2962; x_wconf 75' lang='lat' dir='ltr'>S</span> <span class='ocrx_word' id='word_1_409' title='bbox 1455 2942 1491 2976; x_wconf 86' lang='lat' dir='ltr'>C.</span> <span class='ocrx_word' id='word_1_410' title='bbox 1511 2943 1550 2977; x_wconf 85' lang='lat' dir='ltr'>E.</span> <span class='ocrx_word' id='word_1_411' title='bbox 1570 2944 1651 2978; x_wconf 84' lang='lat' dir='ltr'>suis.</span> 
     </span>
    </p>
   </div>
  </div>
 </body>
</html>
