2014 3354
739 323 867 355 muns
886 322 1059 356 suxrus.
1625 314 1649 351 5

153 430 197 469 et
211 427 363 471 deinde
383 428 686 472 monasterium
703 428 990 486 gubernantis,
1005 428 1219 472 conficere.
1270 426 1480 471 Ultimate
1495 439 1595 469 vero
1610 428 1655 468 et

153 493 201 535 in
228 494 325 546 fine,
354 498 449 538 acta
481 496 529 538 in
562 499 752 552 tempore
771 499 915 539 nostro
950 494 1201 547 accidencia,
1220 493 1387 537 meliori
1414 492 1541 536 modo
1570 505 1655 549 quo

151 562 310 615 potero,
330 562 515 605 exclusis
543 562 772 606 inutilibus
800 562 1108 619 nugacionibus
1137 575 1187 604 ac
1215 561 1351 605 eciam
1379 559 1656 603 frustratoriis

152 627 415 671 vanitatibus
448 629 502 671 ad
530 642 621 671 rem
654 642 741 671 non
775 629 1100 685 pertinentibus,
1123 627 1350 684 inquirere,
1383 626 1578 683 colligere
1611 628 1656 668 et

153 706 383 737 memorare
402 698 445 738 et
473 695 639 747 inferre,
660 709 759 738 cum
778 695 1035 751 quibusdam
1050 695 1146 738 aliis
1165 694 1332 739 actibus
1351 692 1540 737 mirificis
1559 705 1657 748 quae

153 773 230 815 ego
250 760 326 816 qui
354 761 491 804 scribo
517 766 638 805 extra
665 761 825 804 limites
854 761 983 817 hujus
1011 761 1131 818 regni
1160 762 1277 813 scivi,
1306 760 1398 804 vidi
1426 763 1471 803 et
1498 759 1656 802 audivi.

154 826 268 869 Item
295 831 507 883 postremo
537 827 590 870 dc
618 827 803 883 quadam
827 828 972 883 puella
1000 827 1187 871 mirabili
1215 841 1311 884 quae
1340 840 1467 870 causa
1485 825 1570 868 fuit
1592 838 1658 867 re-

154 893 445 948 cuperacionis
472 893 593 950 regni
620 893 810 936 Franciae
839 893 892 936 de
921 894 1117 936 manibus
1148 894 1327 937 Hem-ici
1354 893 1516 936 tiranni
1547 892 1657 948 regis

155 958 331 1015 Angliae‚
350 973 480 1015 quam
504 959 607 1011 vidi,
626 960 729 1002 novi
757 963 802 1002 et
830 973 929 1003 cum
958 973 1009 1002 ea
1037 960 1101 1002 fui
1133 960 1182 1002 in
1214 959 1389 1016 quaestis
1423 960 1513 1003 suis
1532 959 1658 1002 dictae

156 1025 512 1082 recuperaciom's3
539 1039 676 1082 usque
694 1025 750 1069 ad
768 1026 899 1069 finem
917 1025 1019 1069 vitae
1038 1039 1126 1070 suae
1145 1040 1330 1084 praesens
1349 1026 1537 1079 interfui,
1556 1028 1635 1069 etc.

159 1309 311 1369 [gihri
338 1310 524 1367 quinque
551 1311 594 1357 ct
620 1310 803 1367 mituli
824 1310 1133 1367 quatuorhzcim
1155 1309 1262 1358 libri
1290 1311 1403 1358 sexti
1430 1309 1661 1366 §ohannis

272 1377 321 1423 ᾖε
338 1378 521 1433 &lothan
538 1378 588 1423 in
609 1378 684 1423 hat
702 1378 886 1424 chistum
903 1377 1213 1436 pmtoernstssi]

176 1501 270 1560 [31³
291 1502 416 1548 itum
434 1502 615 1560 capituli
634 1501 934 1559 quattohzcinfi
952 1501 1058 1547 lihti
1076 1502 1189 1548 zati
1207 1501 1402 1559 sequitu
1420 1503 1471 1548 nt
1489 1501 1640 1559 inim]

157 1604 317 1656 ITEM,
346 1603 582 1647 notandum
611 1608 678 1647 est
706 1603 820 1660 quod
846 1603 931 1646 ista
958 1602 1102 1646 omnia
1123 1603 1410 1660 suprascripta
1437 1607 1557 1661 gesta
1584 1617 1661 1660 per

157 1662 361 1705 nobilem¹
381 1666 425 1705 et
453 1662 684 1705 discretum
713 1662 925 1713 clericum,
954 1661 1176 1705 dominum
1204 1662 1234 1705 J
1237 1661 1448 1705 ohannem
1477 1662 1530 1706 de
1558 1663 1661 1705 For—

157 1721 285 1772 doun,
304 1720 481 1763 collecta
510 1725 612 1763 sunt
640 1724 684 1763 et
713 1720 966 1776 compilata3
995 1719 1163 1763 caetera²
1182 1720 1409 1776 sequencia
1432 1734 1509 1777 per
1533 1734 1662 1763 vene-

157 1779 336 1822 rabilem
355 1782 531 1835 patrem,
547 1778 787 1821 dominum³
802 1779 1000 1821 abbatem
1020 1778 1073 1821 de
1093 1778 1244 1821 Insula
1263 1778 1409 1821 Sancti
1429 1778 1662 1830 Columbae,

157 1837 234 1893 qui
252 1838 300 1879 in
318 1841 507 1904 tempore
528 1851 605 1880 suo
625 1837 765 1880 dictus
785 1840 851 1880 est
870 1836 1082 1892 dompnus
1100 1835 1318 1879 Walterus
1338 1837 1529 1888 Bouwar,
1549 1836 1662 1880 sicut

156 1895 391 1951 reperimus
406 1896 453 1938 in
468 1895 633 1951 magnis
654 1895 845 1938 Cronicis
864 1899 1059 1937 notatum
1062 1908 1314 1950 r-quorum
1329 1895 1482 1938 animae
1496 1894 1544 1937 in
1557 1908 1662 1950 pace

157 1954 448 2010 requiescant3
486 1957 531 1997 et
559 1954 639 1996 hoc
669 1954 886 2010 signanter
918 1967 1054 2009 usque
1083 1953 1138 1995 ad
1166 1956 1337 2020 tempus
1365 1953 1476 2009 regis
1509 1953 1540 1996 J
1541 1952 1663 1996 acob1

159 2012 336 2055 secundi
364 1988 493 2068 huj’us
522 2012 720 2055 nominis.
778 2012 847 2055 De
876 2011 1045 2054 residuo
1072 2024 1184 2062 vero,
1208 2012 1305 2067 quis
1335 2025 1385 2055 ea
1414 2011 1663 2067 compilabit

159 2070 316 2113 scietur
334 2070 382 2112 in
400 2071 484 2113 fine
503 2069 632 2126 hujus
651 2069 872 2126 praesentis
891 2070 1016 2122 libri;
1046 2069 1149 2126 quia
1168 2069 1220 2112 de
1240 2069 1395 2112 futuris
1415 2070 1663 2126 contingen-

159 2128 277 2170 tibus
306 2142 392 2170 non
425 2131 490 2171 est
516 2128 798 2171 determinata
827 2128 1014 2171 veritas.⁴
1071 2128 1172 2170 Non
1203 2128 1380 2179 mireris,
1399 2141 1425 2170 o
1453 2127 1598 2178 lector,
1624 2127 1663 2171 si

160 2186 423 2229 diversorum
452 2190 649 2229 autorum
678 2190 722 2229 et
749 2186 1123 2243 cronigraphorum
1153 2185 1200 2227 in
1228 2185 1428 2241 praesenti
1456 2186 1662 2242 opusculo

160 2244 214 2287 de
253 2244 400 2287 eadem
438 2243 705 2287 nobilissima
751 2258 899 2300 regum
936 2244 1134 2300 prosapia
1177 2243 1415 2298 opiniones⁶
1443 2244 1663 2300 scripturae

160 2302 384 2345 inserendo
413 2302 580 2344 duobus
608 2302 680 2345 vel
707 2302 845 2345 tribus
874 2302 1041 2345 vicibus
1075 2300 1331 2344 recitentur:
1370 2302 1483 2345 Nam
1513 2316 1663 2345 secun-

161 2361 265 2404 dum
298 2361 397 2416 jura
433 2360 585 2403 forcior
622 2363 688 2403 est
716 2360 934 2403 sentencia
971 2373 1068 2415 quae
1105 2358 1389 2415 plurimorum
1426 2360 1664 2404 autoribus⁶

160 2419 429 2474 approbatur,
444 2419 556 2461 sicut
584 2418 631 2460 in
661 2417 880 2474 evangelio
899 2417 1038 2460 Jhesu
1059 2417 1222 2461 Christi
1240 2432 1326 2461 una
1346 2422 1390 2462 et
1409 2418 1555 2462 eadem
1574 2419 1662 2462 his-

158 2477 268 2519 toria
285 2490 361 2533 per
380 2480 565 2532 quatuor
584 2475 865 2532 evangelistas
885 2475 1169 2532 approbatur.⁷

207 2605 219 2628 ¹
237 2605 274 2639 O.
291 2606 335 2639 D.
356 2605 396 2638 Ε.
413 2603 615 2638 notabilem.
725 2600 740 2623 ²
755 2602 795 2637 B.
816 2602 853 2637 C.
871 2602 914 2637 D.
933 2602 972 2636 Ε.
990 2602 1064 2636 add
1079 2613 1173 2637 vero.
1226 2601 1241 2624 ³
1258 2602 1295 2637 C.
1313 2602 1352 2636 E.
1371 2604 1453 2636 omit
1468 2602 1660 2638 dominum.

207 2651 223 2675 ⁴
239 2653 275 2686 C.
292 2653 331 2686 E.
349 2654 430 2686 omit
445 2650 717 2695 quia—veritas.
1101 2667 1106 2671 ·
1222 2648 1238 2672 ⁶
1253 2650 1292 2684 B.
1311 2650 1349 2684 O.
1367 2650 1410 2683 D.
1429 2650 1469 2683 Ε.
1487 2650 1560 2684 add
1576 2653 1623 2684 et.

207 2699 224 2722 ⁶
240 2700 279 2735 Β.
298 2699 335 2733 C.
354 2699 393 2733 Ε.
412 2698 691 2733 auctoritatibus.
953 2695 968 2719 ⁷
984 2697 1024 2732 Ε.
1042 2699 1139 2732 omits
1155 2696 1518 2742 sieut—approbatur.
