2008 3360
371 295 454 336 276
870 305 998 336 LIBER
1017 304 1376 338 PLUSGARDENSIS.

368 409 589 466 privilegio
609 410 664 453 ad
683 410 766 452 huc
781 409 1015 465 gaude[n]t.
1075 409 1131 451 In
1149 409 1228 452 hoc
1248 409 1449 452 conflictu
1467 409 1635 465 lapideo
1654 410 1684 454 J
1686 410 1871 453 ohannes

370 467 545 519 Gibson,
565 468 811 523 capitaneus
831 467 884 510 de
905 467 1026 518 Bute,
1027 466 1042 492 ¹
1063 471 1213 522 captus
1233 470 1323 509 est:
1357 467 1433 523 qui
1452 467 1599 509 statim
1617 472 1801 511 castrum
1820 469 1872 510 de

369 524 497 568 Bute¹
529 526 612 568 sibi
641 525 901 575 deliberavit,
931 528 974 567 et
1003 524 1248 580 homagium
1274 525 1368 576 sibi,
1396 529 1447 567 ut
1475 525 1659 567 naturali
1690 526 1873 576 domino,

368 583 480 626 fecit.
561 583 785 626 Crescente
822 582 954 639 igitur
996 596 1164 625 rumore
1207 559 1432 625 arridentis
1473 576 1664 635 fortunae,
1698 583 1871 638 quidam

369 641 602 683 benevolus
632 641 736 695 ejus,
756 641 831 696 qui
865 641 941 682 diu
969 640 1017 682 in
1046 640 1202 683 abditis
1231 640 1439 683 latitando
1470 654 1568 683 cum
1596 641 1796 683 fratribus
1825 641 1872 683 in

369 699 482 740 valle
510 698 710 740 Anande2
728 712 974 754 nuncquam
994 698 1048 741 ad
1076 698 1186 754 regis
1207 698 1373 753 Angliae
1397 699 1523 740 fidem
1554 699 1668 741 flecti
1696 702 1872 754 poterat,

369 756 547 798 audiens
576 756 678 807 haec,
698 756 958 812 congregatis
988 755 1135 798 amicis
1155 759 1199 798 et
1218 756 1434 799 benevolis
1466 756 1608 813 [ejus],
1627 756 1681 798 ad
1711 756 1872 798 dictum

368 813 603 856 Robertum
633 814 814 856 Stewart
843 814 1029 865 accessit,
1060 813 1248 856 nomine⁸
1277 814 1494 856 Willelmo
1525 814 1576 856 de
1608 814 1873 856 Carutheris:

369 885 476 926 quos
488 885 586 914 cum
598 872 752 928 gaudio
769 872 1018 927 suscipiens,
1033 871 1146 913 ult-ra
1161 871 1334 914 modum
1349 872 1519 914 laetatus
1534 876 1608 914 est.
1669 872 1874 914 Similiter

367 934 413 971 et
431 929 613 972 Thomas
626 930 678 972 de
698 930 845 985 Broys,
857 943 955 972 cum
974 929 1218 971 melioribus
1238 929 1481 972 hominibus
1501 929 1696 985 patriotis
1713 930 1765 972 de
1786 929 1874 980 Kil,

368 1001 414 1029 se
443 987 526 1029 sibi
555 987 764 1043 adjunxit.
826 988 883 1030 Et
906 987 979 1038 sic,
998 987 1268 1029 venientibus
1289 987 1343 1029 ad
1363 1001 1461 1030 eum
1491 987 1645 1030 cotidie
1674 1001 1727 1030 ex
1757 987 1874 1029 omni

367 1048 488 1100 parte
507 1046 597 1087 suis
616 1045 830 1088 benevolis
855 1059 904 1087 ac
931 1045 1200 1096 amatoribus,
1229 1045 1462 1087 exercitum
1493 1059 1615 1087 suum
1647 1045 1700 1088 de
1729 1045 1797 1087 die
1826 1044 1873 1087 in

367 1102 481 1145 diem
497 1117 642 1145 eorum
657 1103 898 1159 sumptibus
913 1102 1093 1158 propriis
1113 1103 1415 1158 augmentavit.
1475 1103 1561 1154 Qui
1580 1116 1679 1145 vero
1689 1103 1874 1158 juvenis,

368 1160 643 1203 adolescenti4
662 1164 787 1204 aetate
807 1165 851 1204 et
869 1161 1068 1211 moribus,
1083 1161 1242 1203 virtute
1262 1160 1392 1203 simul
1411 1164 1454 1203 et
1469 1161 1642 1211 viribus,
1658 1161 1871 1215 speciosus

366 1219 504 1261 forma
536 1233 624 1274 prae
658 1219 759 1261 filiis
792 1218 1016 1261 hominum
1055 1218 1230 1260 effectus
1259 1222 1350 1271 est;
1385 1232 1554 1273 corpore
1582 1218 1734 1274 largus,
1763 1218 1870 1260 facie

366 1289 576 1331 procerus,
605 1276 752 1318 hilaris
787 1280 831 1318 et
869 1275 1064 1318 amabilis
1096 1275 1233 1326 valde,
1268 1276 1401 1318 omni⁵
1435 1276 1627 1327 effabilis,
1663 1275 1870 1331 benignus

367 1338 411 1375 et
430 1334 657 1385 modestus,
676 1333 934 1376 honorabilis
964 1336 1007 1375 et
1026 1333 1238 1386 liberalis;
1273 1333 1343 1375 cui
1373 1337 1526 1375 natura
1554 1337 1719 1375 tantam
1748 1334 1870 1375 inna-

366 1395 456 1434 tam
493 1392 679 1447 graciam
717 1395 767 1433 ut
805 1391 860 1434 ab
899 1391 1096 1433 omnibus
1136 1391 1331 1433 fidelibus
1381 1391 1621 1434 cordialiter
1659 1395 1871 1434 amaretur

366 1450 586 1492 concessit.

364 1621 596 1677 §mustus-⁶
609 1621 656 1666 he
675 1621 876 1666 felicibus
896 1621 1058 1666 artibus
1078 1621 1869 1693 ejus,mmintihmtihuz.—QI.1xxxii.

369 1722 674 1785 §ENTEREA
692 1751 791 1781 vero
812 1751 838 1780 a
856 1738 1148 1781 transmarinis
1174 1739 1366 1794 partibus
1386 1752 1411 1780 a
1430 1752 1525 1794 rege
1545 1738 1700 1790 David,
1720 1739 1796 1794 qui
1824 1739 1870 1781 in

365 1796 544 1839 Francia
581 1796 629 1838 in
667 1796 842 1838 castello
873 1796 987 1851 quod
1029 1795 1230 1838 Chateau⁷
1267 1797 1452 1839 Galliart
1482 1800 1658 1838 vocatur
1696 1797 1751 1838 ad
1784 1797 1869 1839 huc

365 1854 535 1911 degens,
566 1854 687 1897 venit
721 1855 751 1897 J
753 1853 940 1896 ohannes
980 1854 1210 1909 Ranulphi,
1245 1868 1384 1896 comes
1423 1854 1639 1904 Moraviae‚
1672 1857 1715 1896 et
1754 1855 1869 1909 apud

366 1913 623 1955 Dunbertan
642 1911 874 1967 applicuit:
905 1925 1032 1967 quem
1047 1916 1261 1977 gratanter
1273 1911 1470 1953 dominus
1490 1911 1699 1954 Robertus
1720 1912 1869 1954 Senes-

366 1970 466 2012 calli
505 1969 621 2012 cum⁸
654 1969 920 2035 jocunditate
958 1969 1146 2011 maxima
1176 1969 1371 2011 laetanter
1407 1969 1650 2024 receptavit.
1709 1970 1768 2011 Et
1808 1970 1870 2012 sic

365 2032 579 2070 crescente
619 2027 833 2070 consorcio
872 2027 977 2069 dicti
1016 2027 1191 2078 domini,
1219 2027 1384 2082 requies
1424 2027 1507 2068 sibi
1538 2041 1624 2069 non
1658 2027 1743 2069 fuit
1771 2041 1870 2070 con-

364 2085 552 2128 veniens.
611 2085 775 2127 Idcirco
810 2084 965 2127 cotidie
1002 2060 1221 2127 laboriosis
1261 2085 1482 2127 conatibus
1521 2088 1657 2126 totam
1686 2086 1869 2140 patriam

365 2144 490 2198 quasi
509 2144 561 2186 de
592 2141 882 2193 Cliddisdale?
902 2142 954 2184 de
974 2141 1121 2193 Ksse‚1⁰
1141 2142 1192 2184 de
1214 2142 1492 2198 Conyngham
1513 2146 1556 2185 et
1577 2142 1630 2184 de
1650 2142 1869 2186 Ranfrevu

364 2201 477 2243 infra
503 2201 631 2243 breve
661 2201 744 2243 sibi
775 2200 1018 2255 subjugavit
1030 2215 1041 2253 3
1069 2203 1118 2242 et·
1142 2200 1449 2242 Goddefridum
1484 2200 1536 2242 de
1566 2201 1685 2251 Ross,
1718 2200 1870 2255 vi[ce]—

366 2259 566 2301 comitem
582 2258 634 2301 de
645 2257 770 2309 Air‚¹²
784 2258 867 2300 sibi
882 2258 1105 2300 alliciendo
1125 2258 1313 2308 attraxit,
1328 2262 1371 2300 et
1386 2258 1635 2300 comitatum
1654 2258 1869 2313 proprium

366 2317 418 2358 de
440 2317 588 2359 Carrik
608 2316 803 2358 futurum
822 2315 905 2358 sibi
928 2315 1124 2358 similiter
1152 2316 1367 2358 adunavit.
1428 2316 1743 2371 Consequenter
1771 2328 1868 2357 vero

365 2374 528 2427 placuit
547 2374 789 2429 proceribus
810 2376 853 2416 et
872 2373 1171 2416 communitati
1191 2373 1347 2416 Scociae
1361 2373 1448 2429 regi
1467 2374 1610 2417 David
1628 2372 1867 2416 faventibus

366 2431 501 2473 dictos
532 2432 764 2474 Robertum
785 2432 965 2473 Stewart
994 2444 1043 2473 ac
1072 2431 1270 2473 comitem
1300 2431 1503 2473 Moraviae
1530 2430 1723 2473 custodes
1752 2430 1870 2484 regni

366 2489 634 2540 constituere,
653 2489 872 2543 personale
892 2489 1143 2543 obsequium
1163 2502 1211 2531 ac
1232 2489 1521 2531 assistenciam
1550 2486 1869 2530 omnimodam¹3

364 2546 594 2588 attribuere
613 2548 920 2601 promittentes.
981 2546 1174 2588 Audiens
1194 2546 1309 2589 enim
1324 2560 1461 2588 comes
1481 2545 1683 2587 Moraviae
1699 2545 1868 2599 nequis-

429 2669 441 2692 ¹
459 2670 497 2705 O.
516 2671 559 2704 D.
577 2670 617 2704 E.
635 2671 760 2705 Booth.
1447 2669 1461 2691 ²
1477 2671 1514 2704 O.
1532 2671 1571 2704 E.
1591 2671 1772 2705 Anandiae.

430 2716 445 2739 ³
459 2718 498 2752 Β.
515 2718 579 2751 has
603 2718 756 2751 Stewart
771 2718 911 2751 nomine
928 2718 1074 2751 accessit
1089 2728 1177 2752 cum.

428 2763 443 2786 4
459 2765 497 2798 O.
516 2765 556 2797 E.
574 2763 812 2798 adolescendo.
863 2765 905 2798 D.
924 2765 1053 2797 altered
1059 2765 1159 2807 from
1175 2763 1414 2798 adolescendo.

427 2810 443 2832 ⁵
458 2812 498 2845 B.
517 2811 687 2845 omnibus.
875 2809 890 2831 θ
908 2811 943 2845 C.
962 2811 1001 2844 E.
1022 2812 1150 2845 Adhuc
1167 2812 1210 2845 de
1226 2812 1356 2845 eodem.
1407 2811 1581 2853 Sequitur.

427 2857 443 2880 ⁷
460 2859 499 2892 B.
521 2858 686 2892 Catheau.
877 2856 891 2878 ⁸
908 2858 944 2892 C.
963 2858 1001 2890 E.
1021 2858 1094 2892 tali.
1447 2856 1462 2878 ⁹
1478 2858 1519 2891 D.
1539 2858 1765 2894 Gliddisdale.

411 2904 441 2926 ¹⁰
456 2906 492 2940 C.
512 2905 550 2939 E.
570 2905 642 2938 add
658 2907 703 2938 et.
1433 2903 1459 2925 ¹¹
1477 2904 1518 2938 D.
1537 2905 1715 2940 Ramfreu.

409 2951 440 2974 ¹²
458 2953 493 2986 O.
513 2953 554 2987 D.
574 2952 614 2985 E.
632 2953 714 2985 Are.
1433 2950 1461 2973 ¹³
1478 2952 1514 2985 O.
1534 2952 1574 2985 E.
1595 2953 1668 2986 add
1683 2953 1823 2986 eisdem.
