2008 3360
361 313 383 350 2
389 313 442 352 06
858 319 985 353 LIBER
1005 319 1362 351 PLUSCARDENSIS.

358 428 511 468 vestrae
545 425 667 468 nobis
697 423 848 466 debere
876 422 979 473 fieri,
1009 426 1052 464 et
1081 436 1135 464 ex
1163 426 1374 478 praecepto
1402 427 1544 467 vestro
1577 425 1751 481 speciali
1784 439 1860 481 per

358 487 550 527 vestrum
579 481 806 538 specialem
834 480 1049 522 notarium
1077 480 1201 523 nobis
1225 481 1338 523 facta
1365 480 1449 523 fuit
1478 485 1522 524 et
1550 482 1791 535 deliberata,
1809 487 1860 525 ut

359 542 454 597 ipsa
483 540 616 595 copia,
636 537 870 595 praehabita
889 537 1198 581 deliberacione
1226 538 1420 594 pleniori,
1439 552 1658 594 possemus
1676 545 1861 584 vestram

360 599 632 642 sanctitatem
667 610 796 651 super
828 596 925 651 jure
963 596 1166 638 Romanae
1201 596 1389 639 ecclesiae
1427 600 1470 639 et
1509 601 1653 640 nostro
1690 599 1859 654 plenius

358 657 597 706 informare,
627 658 670 697 et
698 653 941 696 racionibus
969 653 1017 695 in
1046 653 1162 696 dicta
1195 654 1376 709 epistola
1409 655 1621 698 contentis
1651 656 1859 699 maturius

358 713 623 769 respondere.
684 712 859 763 Verum,
878 711 980 767 quia
1009 715 1210 754 contenta
1228 712 1275 754 in
1294 712 1443 755 eadem
1470 711 1594 755 litera
1621 714 1861 756 consistunt

358 773 406 814 in
435 771 547 813 facto
576 770 735 812 nedum
763 769 935 821 recenti,
962 769 1038 812 sed
1067 769 1244 825 antiquo
1273 773 1316 812 et
1345 770 1653 825 antiquissimo,
1682 771 1859 826 maiores

359 834 525 871 nostros
545 827 820 879 consulimus,
841 831 891 869 ut
910 831 1087 882 oportet,
1108 841 1235 882 super
1254 827 1359 882 ipsis
1421 827 1480 870 de.
1493 842 1673 883 quorum
1685 828 1860 871 consilio

359 887 555 943 quaedam
574 886 738 928 notorie
756 898 868 935 vera,
889 898 976 927 non
994 884 1122 936 ficta,1
1136 898 1212 940 pro
1231 889 1351 940 parte
1371 889 1515 928 nostra
1533 886 1860 941 promittentes,2

359 944 603 987 racionibus
638 957 693 986 ex
724 943 899 986 adverso
928 942 1133 986 exhibitis
1167 947 1473 999 consequenter
1502 944 1861 1000 respondebimus.

361 1003 499 1053 Unde,
511 1002 558 1044 in
578 1001 740 1057 primis,
754 1015 829 1056 pro
848 1000 985 1057 parte³
999 1001 1109 1056 regis
1125 1000 1292 1057 Angh'ae
1312 1005 1355 1044 et
1372 1002 1492 1058 regni
1516 1001 1672 1045 Scociae
1691 1002 1796 1044 facit
1814 1002 1861 1044 in

358 1061 509 1116 primis
533 1060 606 1116 jus
626 1072 876 1112 oommune3
906 1058 1109 1114 quoniam
1128 1072 1207 1102 nec
1235 1059 1480 1102 consulatus
1510 1059 1762 1111 consulatui,
1782 1073 1860 1102 nec

359 1118 629 1174 episcopatus
650 1117 924 1172 episcopatui,
944 1129 1022 1159 nec
1041 1130 1220 1172 regnum
1238 1130 1378 1172 regn0,
1398 1121 1473 1159 aut
1492 1131 1567 1160 rex
1586 1117 1685 1172 regi,
1698 1118 1750 1160 de
1765 1118 1862 1173 jure

359 1176 578 1219 communi
616 1174 835 1218 subicitur.
924 1174 993 1225 Et,
1031 1174 1144 1216 sicut
1181 1178 1302 1216 notat
1340 1174 1538 1217 dominus
1578 1175 1860 1217 Innocencius

358 1238 549 1290 quartus,
578 1233 702 1288 quasi
732 1236 878 1275 contra
902 1232 975 1287 jus
1005 1232 1198 1274 naturale
1228 1235 1304 1282 est,
1333 1236 1377 1274 et
1404 1232 1716 1283 miraculosum,
1746 1232 1860 1287 quod

360 1293 437 1347 qui
466 1292 535 1334 sui
563 1291 675 1347 juris
704 1294 769 1333 est
799 1290 938 1332 alieno
967 1289 1056 1344 juri
1086 1289 1321 1332 subiciatur
1352 1293 1428 1332 aut
1460 1290 1671 1345 potestati.
1732 1290 1859 1332 Unde

359 1349 465 1392 talia
494 1350 548 1391 ab
578 1348 662 1391 alio
682 1361 812 1403 quam
840 1361 867 1390 a
894 1347 1098 1403 principe,
1117 1361 1239 1403 papa,
1267 1346 1339 1389 vel
1366 1348 1619 1403 imperatore
1647 1348 1861 1403 nequiunt

359 1406 587 1462 impetrari.
675 1406 743 1448 De
781 1419 866 1460 quo
905 1404 1079 1460 aliquod
1117 1405 1203 1447 tale
1242 1405 1481 1460 specialiter
1518 1405 1736 1447 indultum
1773 1419 1861 1447 non

360 1464 549 1507 ostendit
582 1463 697 1506 idem
729 1476 805 1505 rex
838 1462 1018 1518 Angliae.
1080 1463 1208 1506 Unde
1241 1466 1286 1505 et
1315 1466 1464 1505 caetera
1496 1477 1573 1518 pro
1606 1463 1712 1518 ipsis
1741 1462 1862 1505 facit*

359 1523 517 1566 decisio
552 1522 642 1564 sive
677 1521 907 1563 declaracio
941 1520 1131 1575 ejusdem
1165 1520 1329 1562 domini
1363 1520 1610 1563 Innocencii
1643 1521 1785 1575 quarti
1813 1520 1861 1562 in

359 1581 525 1623 duobus
538 1579 673 1621 factis.
735 1579 845 1621 Cum
865 1577 980 1620 enim
999 1591 1074 1620 rex
1095 1577 1263 1629 Scociae‚
1283 1578 1372 1620 suis
1392 1578 1438 1620 in
1459 1578 1663 1621 unccione
1684 1581 1727 1620 et
1747 1591 1862 1620 coro-

360 1639 538 1681 nacione
558 1638 612 1679 ab
632 1637 711 1679 hac
731 1650 849 1679 sacra
867 1636 967 1678 sede
995 1635 1282 1691 procurandis,
1303 1649 1402 1677 cum
1421 1636 1509 1678 suis
1528 1636 1798 1691 magnatibus
1818 1639 1862 1678 et

357 1696 602 1752 proceribus
630 1697 861 1737 tractatum
889 1693 1073 1744 haberet,
1092 1707 1235 1736 rumor
1261 1693 1314 1736 de
1342 1693 1422 1736 hoc
1451 1694 1506 1736 ad
1534 1707 1676 1750 regem
1693 1693 1863 1749 Angliae

358 1753 589 1810 prolatum⁶
604 1756 686 1805 est,
714 1752 790 1807 qui
809 1752 955 1794 statim
969 1765 1045 1807 per
1059 1751 1237 1794 nuncios
1259 1764 1356 1794 suos
1377 1755 1420 1794 et
1438 1765 1513 1807 per
1530 1751 1675 1794 literas
1690 1751 1862 1793 domino

359 1810 615 1854 Innocencio
634 1810 835 1866 praedicto
855 1809 1114 1865 supplicavit
1132 1810 1352 1860 instanter,
1366 1813 1417 1851 ut
1434 1809 1481 1851 in
1500 1809 1579 1852 hac
1598 1813 1718 1864 parte
1732 1808 1863 1851 votis⁶

358 1870 468 1925 regis
508 1869 665 1911 Scociae
699 1881 786 1910 non
824 1871 1030 1910 annueret
1068 1867 1227 1922 absque
1266 1880 1475 1909 consensu
1513 1880 1601 1918 suo,
1640 1866 1743 1921 quia
1780 1866 1861 1908 hoc

358 1925 542 1971 cederet⁷
570 1926 617 1968 in
645 1925 940 1981 praejudicium
965 1924 1074 1981 regis
1103 1924 1283 1980 Angliae,
1312 1938 1411 1966 cum
1439 1924 1554 1967 idem
1581 1922 1675 1966 rex8
1704 1923 1862 1966 Scociae

358 1986 486 2028 homo
506 1997 610 2027 suus
630 1983 767 2039 legius
787 1987 909 2034 esset,
924 1986 967 2025 et
979 1982 1062 2024 sibi
1081 1982 1326 2038 homagium
1346 1982 1538 2024 faciebat.
1601 1981 1740 2033 Quam
1761 1995 1861 2037 sup-

358 2042 639 2099 plicacionem
673 2041 872 2083 dominus
911 2040 1195 2082 Innocencius
1225 2039 1454 2095 praedictus
1486 2039 1709 2082 admittere
1741 2052 1862 2082 recu-

359 2100 502 2151 savit,⁹
521 2099 798 2155 subponendo
816 2111 993 2154 regnum
1024 2098 1191 2148 Scociae,
1211 2096 1375 2153 quam¹⁰
1393 2097 1447 2139 ad
1466 2097 1610 2152 ipsum
1627 2111 1817 2153 regnum,
1836 2110 1862 2139 a

357 2173 455 2215 rege
474 2157 643 2213 Angliae
671 2156 845 2199 omnino
874 2154 999 2198 esse¹¹
1018 2155 1224 2207 liberum3
1257 2155 1359 2198 licet
1381 2155 1570 2206 forsitan,
1589 2169 1665 2211 pro
1685 2154 1862 2210 quibus-

359 2215 578 2272 cumque12
607 2215 730 2258 terris
764 2215 813 2256 in
839 2227 968 2269 regno
997 2213 1167 2269 Angliae
1196 2212 1302 2264 sitis,
1337 2226 1443 2268 quas
1471 2226 1587 2269 reges
1618 2212 1775 2255 Scociae
1813 2211 1860 2254 in

359 2273 520 2330 Anglia
550 2273 656 2315 alias
688 2272 977 2328 optinuerunt,
1011 2271 1098 2327 ipsi
1129 2271 1374 2326 homagium
1408 2273 1452 2313 et
1484 2270 1735 2313 fidelitatem
1772 2269 1860 2324 regi

358 2331 529 2387 Angliae
557 2331 693 2373 facere
722 2333 1043 2373 consueverunt.
1117 2328 1322 2379 Secundo,
1352 2328 1467 2383 quod
1495 2328 1582 2370 ad1³
1602 2328 1717 2371 idem
1744 2326 1859 2377 facit,

360 2390 487 2444 quod,
506 2403 604 2431 cum
633 2388 862 2443 praedictus
892 2386 1175 2429 Innocencius
1202 2386 1292 2442 regi
1307 2386 1473 2442 Angliae
1502 2385 1708 2428 concessit
1727 2397 1858 2425 unam

359 2447 569 2489 decimam
587 2459 663 2501 per
680 2449 817 2488 totam
835 2445 1035 2501 Angliam
1057 2444 1249 2486 omnium
1278 2443 1549 2486 ecclesiarum
1575 2445 1857 2498 proventuum

360 2508 405 2546 et
444 2504 825 2546 ecclesiasticarum
863 2516 912 2545 ac
951 2502 1143 2545 omnium
1180 2505 1387 2544 terrarum
1425 2501 1521 2551 sibi,
1551 2514 1582 2543 s.
1618 2499 1732 2541 dicto
1770 2499 1859 2554 regi

360 2561 540 2616 Angliae‚
556 2561 853 2615 subjectarum,
868 2561 1119 2615 citopostea
1134 2559 1272 2602 eidem
1291 2559 1463 2601 domino
1483 2556 1737 2600 Innocencio
1757 2569 1858 2611 sup-

359 2618 538 2675 plicavit
556 2621 607 2659 ut
626 2618 709 2660 sibi
729 2618 937 2660 decimam
961 2617 1154 2659 omnium
1181 2617 1388 2659 bonorum
1408 2614 1682 2658 ecclesiarum
1703 2614 1859 2656 Scociae

421 2734 435 2756 ¹
452 2735 491 2767 B.
511 2734 554 2767 D.
574 2732 732 2766 conficta.
780 2731 817 2766 C.
837 2732 876 2764 E.
896 2732 1061 2766 confecta.
1365 2729 1380 2752 ²
1396 2730 1433 2763 C.
1452 2730 1490 2762 Ε.
1505 2729 1769 2773 praemittentes.

420 2780 435 2803 ⁸
451 2781 489 2815 O.
505 2791 567 2824 per
582 2790 653 2823 pre.
702 2779 743 2813 Ε.
760 2790 823 2822 per
836 2789 901 2821 pro
917 2781 1026 2821 parte.
1362 2775 1378 2798 4
1394 2777 1430 2811 O.
1451 2776 1490 2810 Ε.
1509 2777 1581 2810 add
1596 2777 1713 2809 eciam.

420 2827 436 2850 ⁶
452 2828 488 2862 C.
507 2828 546 2862 Ε.
565 2826 730 2870 prolatus.
919 2823 934 2845 ⁰
951 2825 986 2857 C.
1005 2824 1109 2858 vocis.
1366 2821 1380 2844 ⁷
1397 2823 1439 2857 D.
1458 2823 1597 2856 cederit.

418 2874 433 2898 ⁸
450 2875 486 2909 O.
510 2875 547 2909 E.
567 2875 648 2907 omit
663 2884 734 2906 rex.
921 2870 936 2892 ⁹
952 2871 988 2906 O.
1008 2871 1046 2905 Ε.
1065 2871 1264 2904 refensavit.
1357 2868 1386 2892 ¹⁰
1402 2870 1438 2903 C.
1457 2870 1496 2903 E.
1515 2873 1697 2913 quantum.

405 2922 433 2944 ¹¹
450 2923 487 2956 O.
506 2922 546 2954 E.
564 2931 635 2954 non
650 2920 723 2953 fore
730 2918 796 2961 sor
811 2917 952 2951 omnino
968 2929 1050 2952 esse.

405 2968 434 2991 ¹2
450 2970 487 3002 B.
507 2969 543 3002 C.
564 2968 605 3000 D.
625 2967 663 3000 Ε.
682 2966 899 3010 quibusdam.
1351 2961 1379 2984 ¹³
1395 2963 1430 2997 O.
1450 2963 1489 2996 E.
1509 2964 1588 2996 omit
1605 2963 1657 2997 ad.
