2008 3360
368 271 449 309 248
866 280 992 311 mmm
1011 280 1368 313 PLUSGARDENSIS.

679 432 893 487 §muitum
913 432 963 476 ab
986 432 1064 477 hnc
1082 432 1131 477 1³2
1149 433 1408 478 mmm—GL
1431 433 1549 478 xniii.

366 522 543 587 FER
563 553 785 582 commune
803 540 978 595 insuper
997 540 1222 583 consilium
1241 541 1365 583 istius
1385 541 1493 596 regis
1505 540 1684 597 Angliae‚
1703 555 1864 586 necnon

363 601 407 640 et
437 612 513 652 per
547 597 752 652 quosdam
783 598 999 653 episcopos
1030 598 1164 640 eciam
1192 599 1406 654 Anglicos,
1434 599 1547 641 inter
1575 613 1680 654 quos
1710 601 1866 654 princi-

362 655 488 710 palis1
509 655 653 697 extitit
671 655 737 696 vir
756 669 896 710 parvae
925 655 1165 710 prudenciae
1184 660 1227 698 et
1252 656 1414 698 nullius
1443 657 1645 707 scienciae,
1665 657 1866 713 archiepi-

362 726 514 766 scopus
532 712 917 763 Hardurachanus,2
931 713 1143 768 quoddam
1158 714 1353 768 iniquum
1370 718 1579 756 statutum
1593 714 1753 756 factum
1770 715 1866 772 [est]

362 770 410 811 in
431 770 647 820 Hibernia,
668 770 782 825 quod
810 770 1052 813 inhibeatur
1071 771 1266 813 omnibus
1295 771 1500 826 religiosis
1520 772 1595 827 qui
1623 777 1799 814 manent
1821 773 1867 814 in

362 831 474 869 terra
503 828 619 882 pacis
650 828 762 870 inter
794 828 1006 883 Anglicos,
1038 829 1151 883 quod
1173 843 1269 880 ,non
1299 829 1506 884 recipiant
1539 830 1586 871 in
1617 830 1762 872 ordine
1791 844 1867 872 suo

362 898 442 926 nec
470 884 672 939 religione
692 886 777 927 nisi
795 890 967 928 tantum
986 886 1038 929 de
1058 887 1234 929 nacione
1253 886 1422 942 Angliae
1437 903 1447 939 ;
1477 886 1538 929 et⁸
1557 887 1593 929 si
1613 887 1867 932 contrarium

361 942 523 984 factum
547 943 685 993 fuerit,
706 944 976 999 punie[n]tur
994 958 1019 986 a
1038 958 1133 1000 rege
1163 949 1367 998 tanquam
1396 943 1613 999 praecepti4
1631 945 1740 1000 regis
1769 959 1867 987 con-

362 1004 601 1055 temptores.
662 1001 768 1043 Haec
798 1002 958 1043 etenim
987 1006 1030 1044 et
1056 1002 1192 1044 multa
1221 1002 1305 1044 alia
1334 1002 1540 1044 horrenda
1568 1002 1681 1044 mala
1701 1007 1744 1044 et
1773 1006 1868 1045 acta

360 1058 571 1100 mirabilia
590 1058 753 1100 faciunt
767 1059 978 1113 praedictae
994 1060 1162 1102 nacioni
1182 1060 1423 1102 Hibernicae
1437 1059 1469 1112 ;5
1497 1073 1603 1115 quae,
1617 1060 1719 1102 licet
1731 1061 1868 1101 omni-

361 1115 442 1157 bus
473 1116 726 1158 Christianis
755 1116 1000 1171 hujusmodi
1030 1117 1142 1159 facta
1171 1117 1499 1159 abhominabilia
1528 1122 1571 1159 et
1600 1117 1868 1160 detestabilia

360 1173 571 1224 videntur,
590 1173 678 1216 illis
698 1178 843 1216 tamen
860 1174 1053 1230 Anglicis
1073 1174 1335 1217 honorabilia
1364 1189 1412 1216 ac
1432 1175 1566 1217 eciam
1584 1174 1710 1217 laude
1739 1175 1868 1230 digna

361 1236 579 1285 apparent,
599 1245 648 1273 eo
668 1232 783 1286 quod
801 1237 973 1287 propter
990 1232 1080 1274 haeo
1101 1232 1266 1274 nullam
1286 1233 1586 1274 correccionem
1613 1232 1703 1274 sive
1723 1246 1865 1274 emen-

361 1288 459 1330 dam
475 1289 566 1331 fieri
584 1289 847 1343 permittunt.
891 1289 1192 1344 Dogmatizant
1207 1290 1340 1332 eciam
1354 1290 1581 1332 hereticam
1600 1290 1866 1344 pravitatem,

361 1359 448 1387 non
483 1346 620 1388 solum
649 1346 802 1397 clerici,
821 1361 965 1402 ymmo
996 1347 1214 1389 saeculares
1245 1352 1288 1389 et
1317 1347 1513 1403 religiosi,
1533 1347 1721 1389 dicentes
1752 1347 1866 1402 quod

360 1417 448 1444 non
485 1404 619 1459 magis
658 1408 804 1458 peccat
841 1404 1096 1447 interficiens
1135 1405 1416 1447 Hibernicum
1447 1419 1575 1459 quam
1615 1418 1762 1447 canem
1794 1405 1867 1447 vel

360 1460 560 1512 brutum3
589 1475 667 1504 nec
695 1466 867 1517 propter
894 1462 985 1513 hoc,
1015 1462 1053 1504 si
1082 1462 1275 1504 occidens
1305 1466 1370 1505 est
1399 1462 1600 1513 sacerdos,
1626 1476 1652 1504 a
1683 1462 1867 1504 celebra-

360 1518 480 1561 cione
512 1518 753 1561 divinorum
783 1519 933 1561 debeat
962 1533 1007 1562 se
1038 1520 1258 1562 abstinere.
1317 1520 1453 1562 Tanta
1484 1524 1549 1562 est
1578 1520 1692 1562 enim
1722 1533 1866 1561 eorum

360 1576 577 1618 excessiva
615 1576 812 1632 superbia
851 1581 894 1619 et
932 1577 1181 1619 dominandi
1214 1577 1357 1628 libido,
1393 1582 1436 1620 et
1473 1581 1563 1619 tam
1596 1577 1866 1632 importabile

359 1633 483 1675 nobis
504 1647 649 1676 eorum
669 1634 885 1676 servitutis
901 1635 1064 1690 jugum,
1084 1635 1198 1690 quod
1217 1648 1462 1690 nuncquam
1481 1635 1528 1676 in
1547 1634 1628 1676 hac
1646 1634 1737 1676 vita
1755 1635 1867 1676 inter

360 1705 438 1732 nos
468 1695 511 1733 et
531 1705 600 1733 eos
630 1695 720 1734 erat
738 1691 808 1733 vel
838 1692 918 1734 erit
946 1706 1063 1734 amor
1088 1692 1158 1734 vel
1187 1692 1389 1734 dileccio:
1418 1706 1562 1748 ymmo
1593 1692 1866 1734 inimiciciam

358 1749 471 1790 inter
501 1763 578 1791 nos
609 1750 836 1804 capitalem
870 1753 913 1792 et
946 1750 1185 1792 naturalem
1218 1750 1435 1801 habemus,
1466 1749 1596 1805 quodfl
1620 1763 1865 1804 nuncquam

358 1806 516 1861 poterit
534 1807 646 1849 inter
665 1821 742 1849 nos
757 1807 904 1850 haberi
923 1808 1085 1850 sincera
1105 1808 1325 1850 concordia
1340 1808 1411 1850 vel
1425 1807 1627 1858 amicicia,
1642 1807 1695 1849 ob
1715 1821 1866 1861 paren-

358 1867 454 1905 tum
474 1867 517 1906 et
537 1865 768 1907 amicorum
787 1869 1025 1907 nostrorum
1044 1879 1192 1907 necem
1222 1866 1393 1907 suborta
1411 1865 1650 1907 inimicicia.
1711 1864 1766 1906 In
1785 1864 1865 1907 hoc

360 1922 494 1963 eciam
522 1923 693 1964 mentiti
723 1926 823 1964 sunt
843 1923 1032 1965 Romano
1061 1923 1253 1978 pontifici
1281 1923 1420 1973 fidem,
1440 1922 1553 1977 quod
1573 1936 1708 1963 unum
1736 1922 1865 1964 dena—

358 1979 471 2021 rium
487 1979 654 2022 census⁷
670 1980 723 2022 de
738 1980 928 2035 qualibet
943 1980 1067 2023 domo
1083 1980 1302 2022 Hiberniae
1313 1980 1396 2022 sibi
1416 1980 1525 2022 solvi
1540 1980 1710 2022 deberet
1729 1993 1863 2021 annu-

359 2037 477 2087 atim,
497 2037 611 2092 quod
640 2038 773 2080 nunc8
791 2038 951 2080 factum
981 2042 1057 2088 est,
1086 2038 1188 2093 quia
1217 2052 1304 2079 non
1333 2042 1398 2080 est
1422 2037 1610 2080 solutum
1630 2037 1740 2079 sicut
1768 2051 1863 2092 pro-

359 2095 539 2136 missum
565 2100 639 2137 est.
700 2095 838 2146 Unde,
858 2096 906 2147 si,
925 2099 1096 2151 propter
1125 2109 1271 2138 causas
1292 2099 1334 2138 et
1353 2096 1540 2137 raciones
1569 2095 1864 2150 praecedentes,

358 2152 502 2207 ipsum
530 2167 670 2208 regem
699 2156 742 2195 et
771 2153 905 2196 dictos
934 2158 1098 2196 nostros
1128 2153 1329 2208 capitales
1357 2153 1551 2195 inimicos
1580 2153 1627 2194 in
1657 2152 1865 2194 Hibernia

359 2215 665 2253 commorantes
699 2225 1048 2266 expugnaremus,
1078 2216 1205 2266 prout
1234 2211 1432 2267 cogimur,
1461 2224 1548 2252 non
1580 2213 1751 2266 propter
1783 2209 1864 2252 hoc

358 2267 559 2310 illicitum
574 2269 752 2311 facimus
761 2285 771 2321 ;
799 2283 897 2311 cum
911 2269 1002 2311 vim
1016 2269 1062 2311 vi
1075 2269 1277 2324 repellere
1293 2282 1438 2311 omnes
1457 2268 1570 2324 leges
1585 2266 1863 2323 permittant,⁹

358 2338 438 2367 nec
458 2339 510 2367 ex
530 2326 610 2368 hoc
629 2326 896 2369 infidelitatis
910 2326 981 2369 vel
999 2327 1174 2382 perjurii
1193 2326 1352 2369 crimen
1366 2326 1643 2378 incurrimus;
1672 2339 1769 2367 cum
1783 2337 1861 2366 nec

358 2396 575 2437 uncquam
609 2398 685 2426 nos
714 2384 786 2426 vel
818 2389 958 2439 patres
992 2383 1161 2427 nostri¹⁰
1195 2389 1270 2426 aut
1300 2389 1495 2439 parentes
1529 2383 1663 2425 nostri
1696 2382 1756 2424 eis
1790 2380 1860 2423 vel

358 2453 504 2481 eorum
523 2442 769 2495 parentibus
798 2442 1040 2497 homagium
1068 2442 1150 2484 acu
1169 2442 1418 2484 fidelitatem
1446 2441 1678 2483 fecerimus.
1738 2437 1858 2480 Ideo-

359 2510 454 2551 que,
485 2498 643 2552 absque
678 2499 796 2540 omni
826 2499 1099 2542 conscienciae
1133 2513 1332 2550 remorsu,
1365 2498 1570 2554 quamdiu
1607 2497 1698 2539 vita
1735 2495 1858 2537 nobis

356 2553 548 2605 inhaeret,
577 2556 692 2609 ipsos
725 2557 986 2599 incessanter
1013 2557 1061 2598 in
1090 2557 1225 2599 nostri
1249 2557 1358 2612 juris
1388 2555 1631 2598 defensione
1660 2556 1704 2595 et
1730 2552 1858 2594 liber-

357 2612 460 2653 tatis
493 2612 679 2654 tuicione
714 2614 1062 2669 expugnabimus,
1096 2615 1150 2656 ab
1183 2615 1373 2669 ipsorum
1410 2611 1733 2667 impugnacione
1771 2623 1858 2651 non

420 2734 434 2757 ¹
451 2735 488 2769 C.
506 2735 545 2768 E.
560 2735 808 2779 principaliter.
1039 2735 1054 2758 ²
1070 2737 1107 2770 O.
1127 2737 1438 2770 Archidiachanus.
1487 2735 1528 2767 E.
1545 2732 1855 2768 Archidiathanus.

419 2781 435 2803 3
450 2782 489 2815 B.
509 2782 546 2815 O.
565 2782 608 2816 D.
626 2783 666 2815 E.
684 2783 788 2826 quod.
1438 2780 1453 2803 4
1469 2781 1508 2815 O.
1528 2781 1568 2814 E.
1586 2779 1787 2824 praescripti.

419 2827 434 2850 ⁵
450 2829 486 2862 O.
505 2829 545 2863 E.
563 2829 803 2872 Hyberniacae.
852 2829 895 2863 D.
914 2830 1042 2863 altered
1047 2830 1146 2871 from
1161 2829 1390 2863 Hiberniacae.

419 2874 435 2896 ὅ
451 2876 489 2908 Β.
508 2876 597 2919 quia.
879 2875 894 2898 '¹
911 2877 947 2910 O.
966 2877 1008 2909 D.
1027 2877 1067 2910 E.
1086 2887 1216 2910 sensus.
1436 2873 1451 2896 ⁸
1466 2875 1506 2907 E.
1525 2884 1732 2916 nuncquam.

419 2921 435 2944 ⁹
450 2923 486 2957 G.
505 2922 722 2967 promittant.
864 2921 894 2944 ¹⁰
910 2923 947 2957 O.
966 2923 1005 2959 E.
1025 2925 1104 2957 omit
1121 2923 1241 2957 nostri.
1420 2921 1448 2944 ¹1
1466 2922 1503 2956 C.
1522 2922 1562 2955 E.
1580 2923 1652 2954 aut.
