1982 3360
739 335 867 366 mmm
887 335 1111 367 SEPTIMUS.
1630 326 1652 366 '7
1659 326 1681 364 9

168 454 219 484 eo
238 441 324 484 fiat.
385 441 444 484 Et
462 440 639 497 insuper
657 441 802 484 omnia
826 440 989 497 placita
1018 453 1067 483 ac
1097 439 1241 482 omnia
1270 438 1416 482 debita
1444 452 1541 495 quae
1570 438 1684 494 patri

168 513 263 542 meo
284 499 547 542 debebantur
561 499 735 542 omnino
750 500 954 550 condono,
968 498 1040 541 vel
1060 498 1195 541 eciam
1206 498 1328 540 fratri
1346 511 1467 550 me0;
1493 497 1685 552 exceptis

167 558 295 600 rectis
315 557 460 609 firmis,
480 563 524 601 et
553 558 688 601 eciam
717 557 907 613 exceptis
936 557 1024 599 illis
1054 556 1210 599 debitis
1230 570 1326 612 quae
1356 559 1482 611 pacta
1509 555 1686 598 fuerunt

167 629 245 671 pro
275 615 456 658 aliorum
485 616 804 667 hereditatibus,
826 615 896 658 vel
925 615 1116 670 exceptis
1135 615 1240 657 illis1
1260 613 1435 670 quibus²
1449 614 1579 669 juste
1588 613 1686 656 31113

168 674 484 729 contingebant,
518 678 563 717 et
599 674 641 716 si
679 650 835 729 aliquis
874 687 951 729 pro
984 673 1219 716 hereditate
1254 686 1331 715 3113
1365 671 1531 728 aliquid
1564 672 1687 727 pepi-

167 732 288 787 gerit,
303 737 348 774 et
367 732 504 775 eciam
523 745 670 774 omnes
689 732 974 774 relevaciones
995 745 1091 787 quae
1120 745 1197 787 pro
1226 731 1354 774 rectis
1373 729 1685 773 hereditatibus

168 794 304 845 pactae
325 794 455 833 erant.
496 791 553 833 Et
573 790 610 832 si
630 790 728 856 quis
748 790 955 832 baronum
970 790 1041 832 vel
1056 789 1238 832 aliorum
1253 789 1478 831 hominum
1492 802 1686 831 meorum

169 848 466 899 infirmabitur,
496 848 609 890 sicut
646 849 738 903 ipse
771 847 1028 902 disposuerit
1063 847 1163 890 dare
1202 847 1428 903 pecuniam
1460 860 1594 898 suam,
1622 846 1686 888 ita

170 905 319 948 datum
354 920 444 948 esse
478 905 672 948 concedo,
732 905 779 948 Si
797 919 898 947 vero
932 905 1045 948 bello
1075 905 1146 948 vel
1171 905 1421 948 infirmitate
1451 904 1549 960 quis
1577 918 1687 960 prae-
1726 903 1731 911 '

170 968 400 1019 occupatus
419 964 559 1014 fuerit,
574 963 636 1005 ita
655 963 770 1018 quod
789 967 1096 1005 testamentum
1125 977 1214 1005 non
1241 962 1495 1006 condiderit⁸
1510 966 1555 1005 et
1573 963 1688 1005 bona

170 1035 247 1064 sua
263 1021 366 1064 n0n⁴
379 1021 646 1076 disposuerit,
659 1034 768 1063 uxor
780 1022 871 1076 ejus
893 1025 937 1063 et
956 1021 1081 1063 liberi
1092 1021 1162 1063 vel
1174 1025 1383 1076 parentes,
1396 1035 1495 1063 cum
1506 1020 1688 1063 homini-

170 1080 251 1122 bus
272 1079 361 1122 suis
395 1079 613 1135 legitimis,
633 1080 744 1121 bona
778 1092 857 1121 sua
891 1079 1083 1134 legitime
1117 1079 1357 1134 disponant,
1378 1082 1422 1121 et
1450 1093 1527 1134 pro
1548 1079 1688 1121 salute

170 1137 324 1180 animae
353 1151 442 1180 suae
471 1137 582 1180 sicut
611 1137 765 1179 melius
785 1137 929 1179 visum
948 1137 1078 1179 fuerit
1106 1136 1168 1179 eis
1197 1136 1461 1192 provideant.
1521 1137 1568 1179 Si
1589 1137 1688 1192 quis

168 1199 312 1238 autem
331 1195 539 1238 baronum
554 1194 625 1237 vel
653 1195 878 1237 hominum
897 1209 1088 1237 meorum
1114 1208 1245 1250 penes
1266 1208 1335 1237 me
1354 1194 1545 1250 aliqu0d⁵
1565 1195 1688 1237 foris-

167 1253 330 1296 factum
350 1254 620 1304 commiserit,
640 1253 877 1296 secundum
897 1253 1149 1308 qualitatem
1169 1257 1213 1295 et
1233 1253 1520 1308 quantitatem
1540 1253 1688 1296 delicti

168 1312 435 1364 emendabit;
465 1325 543 1354 nec
563 1325 639 1367 per
657 1312 833 1354 vadium
853 1311 1055 1354 bellicum
1078 1312 1341 1367 purgabitur,
1361 1311 1474 1353 sicut
1493 1310 1689 1353 solebant

167 1373 359 1425 tempore
388 1370 522 1426 patris
551 1369 655 1412 mei⁶
683 1375 727 1412 et
756 1369 935 1412 aliorum
966 1373 1280 1412 antecessorum
1309 1383 1512 1412 meorum.
1571 1369 1629 1411 Et
1649 1369 1689 1411 si

166 1428 355 1483 perfidiae
383 1428 454 1471 vel
483 1427 658 1471 alterius
687 1428 878 1470 criminis
909 1428 1104 1484 contagio
1143 1428 1365 1470 convictus
1404 1427 1546 1478 fuerit,
1576 1427 1690 1470 sicut

163 1487 333 1542 justum
351 1486 480 1529 fuerit
501 1486 755 1529 emendabit.
794 1486 951 1529 Omnia
965 1500 1066 1529 vero
1082 1486 1262 1528 crimina
1277 1486 1330 1528 de
1344 1489 1535 1541 tempore
1549 1489 1689 1528 trans-

168 1548 262 1587 acto
292 1549 392 1587 ante
421 1548 591 1599 tempus
621 1544 910 1587 coronacionis
939 1558 1045 1587 meae
1074 1544 1247 1587 remitto
1276 1547 1320 1587 et
1350 1544 1555 1595 condono,
1591 1557 1688 1599 quae

168 1601 254 1645 hiis
288 1603 551 1658 temporibus
580 1602 751 1644 fuerant
783 1606 1048 1658 perpetrata;
1077 1607 1121 1645 et
1147 1616 1198 1645 ea
1226 1616 1323 1658 quae
1353 1602 1553 1658 deinceps
1582 1602 1689 1644 fient

162 1661 348 1716 juridice
376 1664 502 1703 erunt
531 1661 695 1716 punita,
716 1665 759 1704 et
784 1662 901 1716 juste
920 1661 1158 1712 reformata,
1178 1661 1415 1703 secundum
1432 1660 1546 1716 leges
1575 1660 1686 1716 regis

168 1718 379 1763 Edwardi.
437 1720 631 1761 Forestas
653 1733 750 1761 vero
780 1720 828 1760 in
856 1733 990 1761 manu
1008 1733 1104 1761 mea
1123 1719 1186 1761 ita
1203 1719 1335 1761 libere
1357 1718 1687 1774 [con]servando

168 1777 334 1827 tenebo,
355 1777 468 1819 sicut
497 1777 544 1818 in
570 1777 834 1832 temporibus
864 1776 997 1832 patris
1030 1777 1116 1820 mei
1144 1777 1331 1827 fuerunt,
1351 1790 1428 1832 per
1456 1776 1688 1819 consilium

167 1835 375 1878 baronum
405 1849 606 1877 meorum.
649 1835 726 1877 ‘Et
755 1849 901 1877 omnes
931 1835 1091 1878 milites
1111 1838 1244 1877 terras
1272 1848 1370 1877 suas
1392 1834 1520 1877 armis
1541 1834 1690 1876 defen-

168 1894 331 1944 dentes,
346 1907 394 1935 ac
411 1907 557 1935 omnes
577 1893 722 1949 glebas
743 1896 865 1935 terrae
880 1893 1071 1936 ecclesiis
1084 1897 1128 1936 et
1143 1894 1236 1935 Deo
1252 1892 1537 1935 servientibus
1554 1892 1689 1943 datas,

171 1952 226 1994 ab
238 1952 436 1993 omnibus
449 1951 763 2003 exaccionibus,
776 1951 962 2002 tributis,
974 1951 1183 2007 gildagiis‚
1196 1951 1388 2007 pedagiis
1402 1954 1446 1993 et
1457 1950 1689 1992 tholoneis⁷

168 2010 323 2052 liberas
344 2023 435 2052 esse
456 2009 652 2062 concedo,
673 2023 752 2052 nec
772 2009 825 2052 de
845 2023 970 2065 opere
991 2010 1137 2052 servili
1157 2023 1304 2052 eorum
1324 2009 1518 2051 homines
1539 2008 1688 2051 vexari

169 2067 267 2110 volo
282 2083 292 2120 ;
310 2071 361 2109 ut
375 2067 507 2110 michi
519 2068 780 2123 propicietur
790 2068 1031 2123 benignitas
1044 2067 1343 2110 misericordiae
1355 2068 1385 2109 J
1388 2067 1495 2110 hesu
1509 2066 1689 2119 Christi3

169 2125 275 2180 ipsis
288 2126 555 2168 servantibus
569 2125 821 2168 fidelitatem
834 2125 1024 2169 debitam
1036 2125 1170 2168 michi
1185 2130 1228 2168 et
1241 2125 1555 2168 successoribus
1567 2124 1688 2176 meis,

172 2188 216 2226 et
243 2183 471 2226 servicium
497 2184 692 2226 debitum
717 2184 852 2226 michi
882 2184 1141 2235 ministrant,
1166 2187 1256 2226 tam
1292 2183 1346 2225 ad
1381 2182 1690 2225 (1010113101101118

168 2241 288 2297 regni
307 2241 393 2283 mei
412 2255 543 2296 quam
558 2241 692 2291 aliter,
706 2245 757 2283 ut
770 2241 883 2293 licet,
897 2242 1019 2284 decet
1034 2247 1078 2284 et
1093 2242 1277 2297 expedit.
1338 2241 1551 2284 Omnibus
1567 2240 1687 2283 dein-

171 2313 270 2355 ceps
291 2313 438 2354 pacem
456 2313 595 2341 meam
610 2300 812 2352 conced03
832 2303 876 2342 et
891 2300 1112 2354 justiciam
1131 2303 1291 2342 rectam
1304 2299 1395 2341 fieri
1404 2299 1553 2355 jube03
1571 2298 1687 2354 leges

171 2357 330 2400 servari
349 2357 574 2412 praecipio;
602 2356 837 2412 privilegia,
853 2358 952 2412 jura
972 2357 1034 2400 et⁹
1052 2357 1271 2400 libertates
1302 2357 1491 2400 ecclesiae
1514 2356 1690 2408 Christi,

169 2419 261 2458 tam
283 2415 490 2471 religiosis
510 2428 640 2470 quam
670 2415 998 2471 quibuscunque
1028 2415 1124 2458 aliis
1153 2415 1345 2471 personis
1377 2414 1687 2466 ecclesiasticis,

169 2473 477 2517 inviolabiliter
496 2473 722 2523 observari,
742 2473 854 2515 sicut
873 2487 949 2528 per
968 2477 1105 2516 cartas
1134 2474 1270 2530 regias
1290 2478 1334 2516 et
1354 2473 1685 2516 consuetudines

167 2532 367 2588 antiquas
397 2531 591 2574 solebant
620 2531 843 2581 observari,
863 2531 1009 2574 stricte
1038 2532 1323 2588 praecipiendo
1351 2532 1509 2574 mando
1521 2547 1532 2584 3
1559 2536 1604 2574 et
1632 2544 1688 2574 ne

169 2590 266 2646 quis
282 2590 343 2632 eis
358 2589 599 2632 molestiam
611 2589 766 2631 inferat
782 2603 978 2644 expresse
998 2590 1261 2645 prohibendo
1281 2590 1468 2633 inhibeo.
1519 2590 1687 2632 Datum

169 2648 412 2691 Londoniis.
471 2648 597 2690 Teste
616 2648 779 2702 meipso
800 2652 843 2690 et
864 2648 1112 2690 cancellario
1134 2662 1239 2691 meo.

226 2706 420 2762 Explicit
439 2706 562 2761 copia
591 2710 717 2748 cartae
737 2705 1056 2761 privilegiorum
1074 2706 1255 2763 Angliae,
1275 2720 1370 2763 quae
1399 2705 1623 2762 privilegia
1643 2709 1687 2747 et

219 2854 233 2878 ¹
249 2857 287 2890 O.
305 2856 383 2890 illae.
682 2855 697 2879 ²
713 2857 751 2891 C.
770 2857 810 2891 E.
828 2868 917 2901 quae.
1090 2893 1093 2897 ,
1201 2855 1217 2879 ³
1233 2858 1270 2892 C.
1289 2857 1332 2891 D.
1351 2857 1520 2891 conderit.

220 2901 235 2924 ⁴
250 2903 287 2937 0.
306 2903 346 2937 E.
365 2905 446 2936 omit
461 2914 542 2938 non.
685 2902 701 2925 ὅ
716 2904 756 2937 Ε.
776 2904 920 2948 aliquid.
1204 2903 1220 2926 θ
1237 2905 1273 2939 C.
1293 2905 1333 2939 Ε.
1352 2916 1447 2939 meae.

219 2947 234 2971 ⁷
251 2950 436 2983 tholomeis
452 2950 580 2984 altered
596 2955 629 2984 to
645 2950 828 2985 theloneis.
877 2952 919 2985 D.
937 2951 1134 2987 tholomeis.

218 2994 233 3017 ⁸
250 2998 285 3030 G.
303 2997 558 3041 difljencionem.
607 2998 649 3032 D.
668 2998 920 3033 defeneiouem.
1194 2997 1209 3020 ⁹
1226 2999 1262 3033 C.
1281 2998 1321 3032 Ε.
1340 3000 1420 3031 omit
1437 3001 1483 3031 et.
