2008 3360
385 330 467 369 390
872 337 999 368 LIBER
1019 336 1375 374 PLUSGARDENSIS.

382 455 591 484 cameram
626 441 731 484 dicti
764 440 1050 486 strenuissimi
1086 440 1304 497 principis,
1338 442 1584 485 custodibus
1618 445 1872 494 evacuatam,

381 499 645 554 proditorum
665 499 799 542 eciam
818 498 1060 541 cohortibus
1079 499 1329 541 invallatam
1348 503 1392 542 et
1411 500 1745 556 circumceptam,
1765 501 1874 543 circa

382 557 530 599 horam
558 557 696 599 noctis
726 556 935 598 decimam
963 556 1147 599 eundem
1175 557 1423 612 principem,
1450 558 1665 609 inermem,
1684 558 1872 600 vestibus

382 619 573 665 exutum,
607 613 834 656 crudeliter
867 614 960 656 sine
992 614 1277 657 misericordia
1306 615 1533 658 occidendo
1559 592 1874 682 jugulaverunt

384 672 470 723 Qui
489 676 589 714 ante
607 675 788 714 mortem
807 671 1046 714 mirabilem
1065 672 1355 715 defensionem
1379 673 1550 723 faciens,
1575 674 1733 729 primos
1758 673 1806 714 in
1830 686 1876 715 se

380 728 589 772 1111181181
576 743 624 771 111
643 729 894 772 fortitudine
912 729 1075 772 brachii
1094 730 1163 772 sui
1182 730 1236 772 ad
1255 735 1410 772 terram
1429 731 1619 786 undique
1637 730 1877 787 prostravit,

381 787 514 829 donec
529 790 572 830 et
586 801 807 842 quousque
820 786 959 829 tanta2
972 787 1204 830 multitudo
1220 801 1318 830 eum
1337 789 1635 840 circumclusit,
1650 789 1764 844 quod
1778 802 1876 830 eum

381 844 566 900 amplius
595 845 648 887 ab
678 845 874 887 omnibus
905 845 1129 887 defendere
1158 859 1245 888 non
1272 846 1424 901 potuit
1483 847 1540 888 Et
1569 847 1641 898 sic,
1669 851 1876 912 tanquam

381 916 516 958 agnus
544 903 747 946 innocens
776 903 831 945 ad
855 903 1076 945 victimam
1104 903 1269 954 ductus,
1296 904 1456 959 gracias
1485 917 1611 959 agens
1642 908 1685 946 et
1715 903 1877 946 miseri-

381 960 568 1002 cordiam
596 961 649 1003 ab
675 960 895 1003 Altissimo
924 961 1189 1016 implorando
1216 961 1391 1003 elevatis
1417 962 1613 1004 manibus
1640 961 1695 1003 ad
1721 961 1876 1004 eoelum

382 1018 617 1073 expiravit:
646 1018 694 1060 in
725 1019 846 1074 cujus
877 1022 1058 1074 pectore,
1089 1032 1217 1074 supra
1243 1019 1513 1070 umbelicum,
1544 1022 1641 1075 post
1665 1019 1876 1061 locionem

380 1075 607 1119 vulnerum
625 1076 782 1142 viginti
800 1080 844 1119 et
863 1080 958 1118 octo
977 1077 1113 1132 plagae
1131 1077 1373 1143 pei-’fossaten
1392 1081 1567 1133 repertae
1587 1081 1698 1120 sunt.
1748 1077 1875 1118 Hanc

381 1133 497 1175 enim
515 1134 855 1189 persecucionem
873 1138 1043 1189 propter
1057 1134 1276 1189 justiciam
1294 1148 1444 1190 passus
1464 1138 1538 1177 est.
1589 1134 1712 1186 Quod
1725 1134 1876 1176 videns

381 1190 546 1247 legatus
575 1205 708 1247 papae,
737 1191 814 1247 qui
840 1192 953 1234 infra
981 1195 1151 1234 octavas
1179 1192 1463 1258 praecedentes
1492 1206 1591 1235 eum
1622 1206 1647 1234 a
1676 1205 1802 1247 poena
1832 1194 1876 1233 et

382 1249 509 1304 culpa
527 1249 787 1300 absolvebat,
807 1263 906 1291 cum
932 1249 1166 1292 lacrimosis
1195 1250 1388 1305 suspiriis
1418 1249 1571 1292 emissa
1589 1263 1691 1292 voce
1710 1262 1876 1314 magna,

381 1310 427 1349 et
446 1307 538 1362 ejus
558 1306 736 1349 vulnera
755 1306 984 1349 osculando
1003 1306 1291 1358 lacrimabiha,
1311 1320 1452 1349 coram
1471 1306 1668 1349 omnibus
1697 1306 1876 1349 astanti-

381 1363 463 1406 bus
492 1363 605 1405 dixit
633 1363 747 1419 quod
774 1364 867 1419 ipse
886 1364 934 1405 in
954 1363 1143 1419 periculo
1172 1364 1325 1406 animae
1355 1378 1443 1407 suae
1462 1368 1628 1420 caperet
1647 1364 1796 1419 quod
1783 1377 1875 1418 lpse

381 1421 429 1463 in
449 1424 565 1463 statu
582 1421 745 1477 graciae,
764 1435 840 1477 pro
860 1421 1105 1464 defensione
1130 1421 1193 1463 rei
1221 1422 1404 1477 publicae
1434 1426 1478 1464 et
1507 1422 1759 1464 execucione
1784 1422 1877 1476 jus-

380 1478 504 1530 ticiae,
538 1482 743 1534 tanquam
775 1478 924 1520 martir
958 1479 1184 1521 defunctus
1224 1482 1299 1521 est.
1364 1479 1454 1522 Iste
1493 1493 1592 1521 vero
1630 1479 1875 1533 relinquens

379 1539 478 1591 post
497 1549 543 1579 se
562 1536 701 1578 filium
730 1550 856 1578 suum
884 1537 914 1578 J
916 1537 1094 1578 acobum
1123 1536 1368 1587 secundum,
1388 1536 1526 1578 aetatis
1554 1550 1629 1579 sex
1658 1550 1876 1587 annorum,

380 1598 425 1636 et
445 1607 521 1636 sex
539 1594 661 1645 filias,
679 1593 759 1635 viz.
780 1594 1064 1649 Margaretam
1083 1593 1402 1649 Dalphinellam
1427 1594 1626 1645 Franciae,
1647 1593 1876 1636 Isabellam

379 1651 594 1694 ducissam
613 1651 827 1702 Britaniae,
846 1651 1030 1693 Mariam
1049 1651 1309 1694 comitissam
1338 1650 1585 1694 Buchaniae³
1602 1651 1650 1693 in
1679 1651 1877 1694 Selandia

380 1709 634 1760 maritatam,
654 1722 703 1751 ac
724 1709 999 1751 Helienoram
1028 1709 1242 1751 ducissam
1261 1709 1456 1751 Austriae.
1516 1710 1635 1751 11aeae
1653 1722 1753 1752 vero
1773 1722 1877 1764 qua-

379 1771 476 1808 tuor
504 1766 604 1809 filiae
629 1766 743 1808 ultra
771 1780 887 1810 mare
915 1770 1060 1822 nuptae
1087 1770 1198 1809 sunt.
1256 1766 1368 1809 Aliae
1386 1781 1484 1809 vero
1515 1766 1627 1809 duae4
1645 1766 1691 1808 in
1720 1766 1876 1817 Scocia,

378 1824 459 1867 viz,
491 1824 523 1867 J
524 1824 692 1867 ohanna
720 1824 936 1867 comitissa
965 1825 1018 1867 de
1051 1825 1280 1867 Mortoune
1314 1829 1357 1867 et
1387 1824 1526 1867 Maria
1559 1824 1775 1867 comitissa
1808 1823 1877 1866 de⁵

380 1882 575 1938 Huntly:
604 1882 760 1937 quibus
779 1881 914 1924 honor
932 1886 976 1925 81
994 1882 1127 1938 gloria
1145 1882 1193 1924 in
1212 1882 1464 1925 saeculorum
1483 1881 1668 1925 saecula.⁶

429 2069 678 2127 [Sequitur]
700 2070 748 2115 he
767 2069 952 2116 tmihili
970 2070 1132 2126 jutitia
1150 2085 1229 2127 pto
1248 2071 1381 2115 muriz
1399 2070 1513 2126 regia
1532 2069 1768 2116 farta—01.
1789 2083 1828 2116 x.

380 2177 586 2242 POST
605 2195 696 2239 haec
715 2198 860 2239 autem
878 2196 1045 2252 praefati
1063 2196 1295 2252 proditores
1325 2210 1423 2239 cum
1443 2210 1587 2239 eorum
1606 2195 1877 2252 nequissimis

380 2253 637 2296 satellitibus
672 2254 787 2309 capti
821 2259 933 2305 sunt,
962 2254 1211 2297 incarcerati
1242 2258 1285 2297 et
1317 2254 1620 2297 crudelissimis
1654 2253 1875 2295 tormentis

379 2311 690 2367 condempnati,
709 2315 754 2354 et
781 2312 910 2354 morti
938 2312 1228 2354 amarissimae⁷
1247 2312 1451 2367 deputati,
1470 2313 1517 2353 in
1536 2311 1750 2367 quadrigis
1770 2310 1875 2352 nudi

378 2381 454 2422 per
475 2368 620 2411 villas⁸
640 2369 771 2418 ducti,
791 2372 834 2411 et
862 2383 938 2424 per
955 2373 1134 2412 tortores
1162 2369 1301 2412 ferris⁹
1321 2370 1600 2412 candentibus
1629 2369 1790 2424 puncti,
1809 2367 1875 2409 in-

379 2425 537 2468 fossati.
598 2427 753 2469 Postea
766 2426 820 2469 ad
836 2427 1127 2470 summitatem
1145 2427 1249 2469 mali
1261 2428 1382 2470 navis
1402 2441 1477 2483 per
1491 2426 1704 2469 funiculos
1717 2424 1877 2468 tracti¹⁰

378 2485 429 2524 ut
448 2483 682 2535 traditores,
702 2488 746 2527 et
772 2484 1002 2540 decapitati
1031 2489 1074 2527 et
1102 2485 1382 2528 demembrati
1410 2488 1454 2528 et
1481 2485 1528 2526 in
1548 2483 1771 2539 quarteriis
1799 2496 1875 2537 per

442 2612 456 2635 ¹
473 2614 510 2647 O.
529 2614 569 2647 Ε.
588 2613 769 2649 irruentes.
1256 2632 1258 2634 ·
1458 2616 1473 2638 ²
1489 2618 1526 2650 B.
1545 2618 1633 2650 tota.

443 2659 458 2682 ³
473 2661 511 2694 O.
529 2660 776 2694 Bouchaniam.
1456 2662 1471 2685 4
1488 2664 1524 2697 C.
1543 2664 1621 2696 duo.

444 2705 460 2729 ⁵
473 2707 511 2741 G.
530 2708 569 2741 E.
587 2709 667 2740 omit
681 2708 969 2750 Mortoune—de,
998 2711 1069 2743 amc
1092 2710 1176 2744 have
1199 2710 1342 2744 Hontle.
1392 2710 1434 2744 D.
1461 2710 1609 2743 Mariam
1633 2708 1808 2742 comitissa.
1831 2708 1875 2742 de

382 2754 531 2797 Hontly.
580 2754 619 2787 Ε.
638 2754 726 2787 adds
741 2756 778 2787 in
790 2757 925 2796 marqin
950 2781 957 2789 .
985 2781 992 2790 .
1019 2781 1027 2789 .
1053 2768 1074 2789 a
1090 2757 1232 2790 domina
1247 2757 1291 2790 de
1307 2756 1518 2799 Dalkeyth.

444 2800 459 2823 ⁶
474 2801 511 2835 G.
526 2802 561 2834 in
575 2803 710 2843 ‘maryin
722 2802 817 2840 lacer,
837 2802 908 2834 and
923 2802 964 2835 E.
982 2803 1055 2835 add
1072 2803 1236 2846 Sepultus
1253 2806 1306 2836 est
1322 2803 1416 2846 apud
1431 2802 1681 2841 Cartusienses,
1706 2804 1743 2835 et
1767 2801 1810 2835 (18
1833 2812 1874 2834 80

381 2848 525 2882 metrice
545 2847 719 2888 scribitur,
744 2848 817 2881 and
839 2852 933 2890 quote
957 2849 1022 2881 laet
1044 2851 1097 2882 eia:
1112 2850 1191 2883 lines
1207 2851 1250 2892 of
1264 2850 1417 2892 Epitaph
1432 2852 1467 2883 in
1481 2849 1648 2883 Goodall'a
1664 2849 1792 2890 Bower,
1809 2848 1872 2882 vol.

384 2897 417 2929 it.
430 2906 468 2963 ξ
475 2896 810 2976 (1511518818118811110.
917 2940 931 2963 ⁸
946 2952 1008 2985 per
1023 2941 1123 2975 villas
1138 2944 1175 2975 in
1189 2944 1332 2985 marqz'n.
1458 2941 1472 2964 ⁹
1487 2943 1526 2976 B.
1544 2942 1672 2976 ferreis.

427 2986 456 3010 ²⁰
471 2989 508 3023 O.
525 2989 568 3022 D.
587 2988 628 3022 E.
645 2988 718 3022 add
733 2990 770 3021 et
785 2988 958 3032 posterius
974 2989 1019 3022 ad
1034 3000 1117 3032 yma
1133 2989 1385 3031 discendentes,
1404 2989 1598 3031 eviscerati,
1617 2989 1732 3023 tracti.
