2008 3360
759 316 885 347 LIBER
906 314 1109 347 OCTAVUS.
1610 305 1692 346 217

185 428 287 467 nota
317 422 775 467 excommunicacionis
806 422 990 477 majoris,
1022 435 1048 463 a
1079 419 1279 463 caucione
1308 419 1411 461 lata¹
1441 419 1488 461 in
1515 419 1693 461 consilio

184 483 465 539 Lugdonensi,
498 485 644 524 contra
673 481 777 523 talia
807 495 832 523 a
860 479 1047 535 praelatis
1077 482 1375 533 extorquentes
1405 477 1693 532 promulgatis,

181 542 234 584 de
254 543 366 584 facto
387 555 464 596 per
483 539 731 596 hujusmodi
751 543 915 582 metum
935 541 979 581 et
997 537 1251 580 violenciam
1271 537 1423 579 habuit
1443 539 1487 579 et
1507 535 1669 591 exigit.2

514 736 727 792 §equitur
748 735 797 779 ah
821 735 897 780 hm:
917 734 965 779 1³2
985 734 1246 780 nomm—GE.
1269 734 1362 779 [xii.

189 831 341 897 ,HE
371 847 463 902 ipso
494 846 627 888 eciam
657 859 752 901 rege
782 843 986 886 nostro'J
989 844 1155 886 ohanne
1176 844 1228 886 de
1249 843 1483 899 Ballio[lo]‚
1504 844 1579 899 qui
1595 844 1691 899 jure

186 906 439 948 hereditario
460 906 507 946 in
526 918 703 959 regnum
725 903 881 945 Scociae
907 903 1023 957 juste
1054 907 1096 944 et
1114 902 1313 958 legitime,
1335 902 1569 944 secundum
1589 915 1692 944 usus

187 968 230 1006 613
260 963 586 1006 consuetudines
616 961 850 1004 laudabiles
881 962 999 1016 regni
1028 960 1177 1015 ipsius,
1206 961 1379 1002 tandem
1410 961 1463 1002 ab
1493 961 1692 1002 omnibus

186 1023 307 1077 regni
326 1021 474 1063 incolis
495 1022 542 1061 in
556 1020 635 1062 hoc
657 1019 829 1075 negocio
859 1019 1008 1060 merito
1040 1019 1330 1073 comprobatas
1360 1022 1566 1073 tanquam
1585 1019 1692 1060 raci-

185 1079 373 1122 onabiles
394 1082 436 1120 et
455 1078 733 1133 praescriptas,
753 1076 1023 1132 praecedens,³
1043 1090 1219 1131 regnum
1239 1077 1381 1131 ipsum
1403 1077 1558 1118 Scociae
1579 1077 1694 1131 paci-

187 1138 265 1179 fice
300 1137 530 1191 optinebat,
561 1149 636 1190 per
669 1135 759 1177 vim
794 1139 837 1176 et
870 1138 1035 1176 metum
1069 1134 1335 1176 consimilem
1368 1135 1618 1176 fidelitatem
1650 1140 1694 1176 et

185 1195 431 1250 homagium
464 1194 640 1236 extorsit
673 1198 770 1248 post
809 1193 945 1248 ipsius
981 1192 1240 1234 creacionem
1280 1196 1323 1234 et
1363 1194 1694 1243 coronacionem,

184 1253 299 1308 quod
318 1254 365 1294 in
394 1252 690 1308 praejudicium
719 1265 805 1292 non
835 1251 1051 1292 modicum
1080 1250 1215 1305 ipsius
1235 1250 1356 1305 regis,
1376 1251 1495 1305 regni
1516 1255 1558 1292 et
1578 1252 1695 1292 inco-
1722 1269 1725 1272 ·

183 1312 323 1353 larum
343 1312 435 1366 ejus
455 1310 733 1353 redundavit:
765 1309 879 1364 quod
900 1309 951 1350 de
967 1309 1063 1363 jure
1085 1323 1170 1350 non
1192 1308 1351 1359 debuit,
1372 1313 1597 1363 postquam
1619 1323 1694 1363 per

183 1370 274 1412 vim
294 1374 337 1411 et
357 1373 521 1411 metum
540 1368 791 1423 praedictum
811 1367 1030 1409 fidelitatis
1061 1367 1304 1422 homagium
1326 1368 1513 1409 extorsit.
1574 1368 1695 1409 Dicit

184 1428 320 1470 eciam
339 1442 413 1470 rex
433 1426 618 1482 Angliae4
638 1426 753 1480 quod
782 1426 862 1467 iste
892 1439 966 1467 rex
987 1426 1016 1467 J
1019 1426 1205 1467 ohannes
1227 1426 1383 1467 Scociae
1414 1428 1565 1480 sponte
1595 1440 1694 1467 con-

185 1487 322 1528 fessus
355 1490 420 1527 est
452 1499 496 1527 se
528 1484 762 1540 prodiciose
801 1483 1065 1538 prodiciones
1098 1487 1141 1525 et
1175 1484 1512 1538 conspiraciones
1547 1490 1694 1526 contra

185 1544 451 1598 majestatem
472 1543 562 1597 ejus
587 1542 859 1592 commisisse,
881 1546 923 1583 et
953 1556 1026 1596 per
1055 1541 1135 1583 hoc
1165 1542 1212 1582 in
1232 1542 1391 1583 crimen
1411 1542 1521 1583 laesae
1542 1542 1694 1596 majes-

183 1603 287 1643 tatis
308 1601 519 1651 incidisse,
540 1614 588 1642 ac
619 1601 806 1655 seipsum
836 1603 878 1641 et
898 1614 1074 1654 regnum
1104 1613 1230 1641 suum
1260 1600 1491 1654 perdidisse
1513 1600 1563 1642 de
1586 1602 1692 1654 jure.

189 1660 313 1702 Certe
335 1659 415 1701 hoc
437 1673 521 1700 non
550 1662 614 1701 est
635 1672 783 1700 verum
805 1658 919 1712 quod
941 1657 1071 1709 dicit3
1101 1671 1178 1699 nec
1209 1662 1273 1699 est
1303 1658 1532 1699 verisimile
1563 1658 1694 1700 talem

183 1732 337 1773 regem,
357 1717 404 1758 111
423 1722 512 1758 tam
533 1730 685 1772 magno
706 1720 748 1757 et
769 1715 898 1757 arduo
920 1716 1102 1770 negocio,
1119 1719 1265 1757 contra
1286 1716 1473 1770 seipsum
1494 1715 1552 1757 et⁵
1573 1717 1693 1771 regni

186 1776 390 1817 honorem
423 1778 466 1816 et
498 1788 585 1816 suae
618 1774 854 1828 majestatis
887 1773 1235 1829 degradacionem
1268 1773 1373 1815 tales
1409 1773 1692 1816 confessiones

185 1847 333 1889 graves
354 1832 420 1875 ac⁶
435 1832 705 1875 detestabiles
726 1837 877 1887 sponte
897 1832 1168 1874 commisisse.
1229 1832 1311 1873 Sed
1326 1845 1475 1873 verum
1487 1835 1552 1873 est
1567 1832 1693 1886 quod,

185 1906 284 1934 cum
303 1905 445 1946 regem
465 1895 658 1932 nostrum
678 1890 942 1932 antedictum
972 1903 1047 1944 per
1066 1890 1308 1944 potenciam
1329 1890 1511 1944 cepisset
1531 1893 1574 1931 et
1601 1904 1692 1945 reg—

183 1964 290 1991 num
302 1954 495 1991 nostrum
511 1948 706 2003 nequiter
719 1947 973 2002 occupasse‚⁷
989 1948 1035 1989 in
1051 1948 1172 2002 cujus
1193 1949 1303 2003 regis
1319 1948 1453 1989 nostri
1468 1947 1694 1990 violencia8

184 2008 383 2062 capcione
404 2021 527 2048 suum
549 2012 592 2049 613
621 2006 740 2062 regni
769 2006 958 2061 sigillum
988 2006 1041 2047 ab
1071 2006 1206 2061 ipsius
1237 2006 1486 2048 cancellario
1506 2019 1582 2060 per
1601 2007 1691 2048 vim

185 2070 229 2107 et
249 2069 412 2106 metum
432 2065 610 2106 abstulit
630 2068 673 2106 et
694 2078 837 2106 secum
869 2065 1054 2119 accepit;
1085 2068 1127 2106 et
1148 2069 1264 2114 tunc,
1284 2068 1333 2106 ut
1355 2064 1522 2114 dicitur,
1542 2064 1691 2119 hujus-

184 2123 301 2164 modi
331 2123 474 2164 literas
507 2122 792 2172 confessionis,
823 2126 866 2163 et
898 2122 1002 2164 alias
1034 2122 1181 2176 quales
1212 2122 1394 2172 volebat,
1426 2126 1523 2176 post
1556 2122 1692 2176 ipsius

183 2181 292 2236 regis
314 2181 448 2222 nostri
468 2183 511 2221 et
540 2180 619 2221 filii
648 2181 715 2222 sui
744 2180 1016 2235 primogeniti
1046 2181 1093 2221 in
1113 2180 1271 2235 Anglia
1300 2180 1691 2233 incarceracionem,

182 2239 380 2294 fingendo
401 2238 602 2279 fabricare
623 2238 746 2289 fecit;
777 2242 819 2279 et
839 2242 985 2292 postea
1005 2252 1144 2279 coram
1159 2238 1309 2279 incolis
1330 2238 1449 2293 regni
1469 2239 1691 2292 praedictas

186 2297 332 2338 literas
364 2296 575 2350 publicari
605 2295 728 2337 fecit:
759 2309 864 2349 quas
894 2300 991 2349 post
1020 2309 1141 2337 suam
1171 2299 1214 2337 et
1244 2295 1323 2336 filii
1353 2296 1420 2337 sui
1448 2296 1499 2338 (16
1532 2310 1694 2340 carcere

183 2354 483 2397 liberacionem
504 2367 749 2407 nuncquam
772 2358 884 2394 ratas
900 2353 1054 2395 habere
1074 2353 1222 2395 voluit.
1281 2353 1402 2395 Dicit
1422 2354 1556 2396 eciam
1576 2356 1690 2410 quod

183 2413 305 2455 vadit
335 2412 389 2454 ad
419 2412 621 2461 Scociam,
641 2414 684 2452 et
714 2410 903 2465 possidet
927 2424 1032 2461 eam,
1062 2415 1105 2453 et
1134 2425 1232 2453 suos
1261 2412 1438 2454 rebelles
1468 2412 1515 2453 in
1544 2413 1691 2455 eadem

185 2471 365 2526 corrigit.
426 2470 510 2511 Sed
530 2473 641 2511 certe
661 2469 741 2510 hoc
761 2482 848 2510 non
869 2473 932 2511 est
951 2482 1111 2519 verum,
1131 2483 1209 2510 nec
1229 2483 1420 2524 unquam
1439 2470 1522 2512 fuit
1542 2485 1691 2513 verum

186 2529 238 2571 de
275 2541 542 2584 quocumque
577 2541 673 2582 rege
707 2527 906 2582 Angliae:
949 2541 1105 2581 ymmo,
1140 2527 1302 2569 notorie
1336 2528 1502 2571 falsum.
1577 2530 1691 2571 Nam

186 2587 301 2629 idem
330 2587 360 2629 J
362 2587 564 2638 ohannes,
585 2599 660 2627 rex
689 2588 842 2635 noster,
862 2599 937 2640 per
967 2599 1092 2626 suum
1122 2586 1342 2628 custodem
1371 2587 1531 2628 ibidem
1564 2587 1691 2642 depu-

187 2649 340 2695 tatum,
372 2644 562 2699 possidet
595 2643 784 2698 plenarie
815 2646 956 2685 totum
994 2657 1182 2699 regnum,
1214 2644 1402 2699 exceptis
1442 2646 1579 2687 tribus
1620 2645 1691 2688 vel

187 2708 370 2757 quatuor
399 2702 584 2744 castellis
619 2702 666 2743 in
700 2700 890 2743 marchia
928 2702 1048 2757 regni
1086 2702 1244 2744 Scociae
1279 2702 1524 2745 constitutis
1542 2719 1551 2727 ·
1595 2717 1690 2757 quae

1541 2737 1551 2755 5

188 2760 321 2802 eciam
355 2763 492 2802 castra
525 2760 602 2801 ina
634 2759 810 2814 pacifice
844 2773 931 2801 non
964 2759 1152 2814 possidet
1190 2774 1266 2803 rex
1299 2761 1469 2816 Angliae
1485 2776 1495 2813 ;
1534 2775 1693 2816 ymmo,

251 2882 264 2904 1
282 2884 318 2916 O.
338 2884 375 2916 E.
395 2884 484 2917 latae.
722 2883 736 2905 2
753 2884 789 2918 B.
810 2885 845 2917 O.
865 2885 907 2918 D.
926 2886 965 2918 E.
985 2886 1111 2930 exegit.
1270 2885 1284 2907 3
1302 2887 1340 2920 Β.
1360 2887 1402 2918 1).
1422 2886 1619 2928 procedens.

253 2929 266 2950 4
283 2931 418 2974 Angliae
434 2932 469 2963 in
486 2933 630 2974 maryin.
723 2929 738 2952 ⁶
756 2931 793 2965 C.
811 2932 851 2964 E.
870 2932 984 2975 ipsum
1002 2944 1051 2966 ac.
1268 2932 1282 2954 ⁶
1299 2933 1334 2966 C.
1354 2934 1392 2966 E.
1415 2937 1459 2966 et.

252 2975 265 2999 '¹'
283 2978 323 3012 E.
343 2981 555 3020 occupasset.
721 2976 734 2999 ⁸
753 2979 789 3013 O.
810 2979 850 3013 E.
868 2979 1031 3013 violenta.
