2008 3360
160 629 226 652 A.D.
247 621 331 653 1335.

363 332 443 372 278
860 341 987 371 LIBER
1008 340 1365 372 PLuscARDENffls.

457 503 673 558 §squitut
690 503 739 547 ah
763 502 906 561 hut-he
926 502 1074 552 soblem,
1096 515 1188 546 tum
1207 501 1578 547 innitentia—ct.
1601 504 1746 549 xxxiii.

362 596 601 661 HNNO
641 625 742 654 vero
780 611 1023 667 supradicto
1055 620 1108 653 Μο
1123 620 1212 654 ccc⁰
1226 625 1357 662 xxxv,
1396 611 1539 667 predie
1578 626 1711 655 nonas
1744 615 1774 656 J
1776 614 1865 664 ulii,

362 669 583 725 navigium
622 669 734 724 regis
773 669 943 725 Angliae
981 669 1028 711 in
1063 683 1173 724 aqua
1207 670 1260 712 de
1289 670 1324 711 F
1325 669 1422 711 orth
1461 670 1678 725 applicuit,
1710 684 1758 713 ac
1792 686 1866 714 rex

362 728 531 783 Angliae
565 727 799 769 Edwardus
831 728 885 770 de
918 727 1155 778 Windesor,
1184 741 1282 769 cum
1320 741 1474 783 magna
1506 729 1704 783 potencia
1738 742 1868 771 arma-

362 790 503 827 torum
522 798 597 840 per
611 788 767 828 terram
787 786 1068 836 veniencium,
1087 785 1398 840 quinquaginta
1417 785 1635 837 millibus,1
1650 789 1693 828 et
1713 786 1867 829 ducen-

362 844 420 886 tis
448 843 631 885 navibus
660 843 844 886 armatis.
905 844 990 895 Qui
1018 857 1093 886 rex
1123 856 1258 898 usque
1287 843 1342 885 ad
1370 843 1519 886 villam
1549 844 1601 886 de
1624 844 1755 886 Perth
1774 858 1868 899 per-

362 901 538 944 veniens
578 900 761 943 tentoria
793 901 901 952 fixit,
930 906 975 944 et
1017 915 1153 956 usque
1196 900 1428 943 adventum
1472 901 1638 944 comitis
1683 902 1869 944 Atholiae

362 959 624 1015 expectando
643 972 804 1001 moram
822 960 977 1013 traxit3
1010 972 1156 1002 omnes
1183 964 1315 1001 terras
1344 958 1690 1015 circumquaque²
1709 960 1871 1002 vicinas

363 1017 644 1073 depraedando
689 1017 885 1060 vastavit.
974 1017 1074 1060 Una
1111 1031 1210 1060 vero
1248 1016 1372 1059 navis
1420 1031 1473 1059 ex
1516 1017 1650 1060 classe
1692 1017 1870 1073 piratica

361 1074 531 1130 Angliae
546 1074 661 1130 apud
675 1075 870 1117 Insulam
890 1075 1038 1118 Sancti
1058 1075 1277 1117 Columbae
1294 1074 1433 1116 multa
1451 1075 1564 1117 mala
1583 1089 1632 1117 ac
1652 1075 1866 1131 depraeda-

363 1133 505 1175 ciones
525 1132 628 1175 fecit
656 1133 966 1187 nequissimas:
999 1137 1170 1189 propter
1198 1132 1312 1188 quod
1340 1137 1440 1174 ante
1468 1146 1679 1175 recessum
1708 1133 1869 1189 navigii

362 1191 536 1246 publica
554 1195 598 1233 et
612 1190 795 1233 crudelis
813 1190 1006 1233 vindicta
1024 1194 1196 1246 accepta
1215 1194 1291 1232 est.
1353 1190 1439 1240 Qui
1467 1189 1654 1232 naucleri
1673 1190 1720 1232 in
1748 1195 1869 1232 tanta

362 1248 616 1291 necessitate
635 1249 903 1304 tempestatis
921 1248 1051 1304 positi
1081 1252 1195 1299 sunt,
1215 1247 1328 1303 quod
1358 1248 1499 1290 omnia
1528 1248 1664 1303 spolia
1692 1247 1753 1291 et³
1771 1248 1868 1290 reli-

363 1307 498 1361 quias,
517 1319 616 1348 cum
634 1306 905 1361 ymaginibus
924 1319 950 1348 a
969 1306 1083 1348 dicto
1102 1306 1194 1348 loco
1213 1305 1398 1347 ablative
1428 1305 1632 1360 spoliatis,
1652 1305 1699 1346 in
1727 1306 1868 1348 insula

363 1364 416 1407 de
434 1363 698 1418 Ynchkeyth
717 1363 988 1419 deponentes,
1007 1377 1106 1406 cum
1135 1363 1313 1406 emenda
1341 1367 1385 1405 et
1413 1363 1631 1406 oblacione
1659 1363 1869 1419 condigna

362 1421 534 1465 veniam
564 1436 589 1464 a
623 1422 746 1464 beato
778 1421 986 1464 Columba
1016 1424 1221 1476 petentes,
1260 1425 1547 1463 recesserunt:
1597 1425 1651 1472 et,
1690 1422 1868 1464 emenda

363 1480 487 1530 facta,
505 1484 661 1521 ventus
680 1479 849 1521 validus
877 1480 922 1521 in
951 1478 1096 1522 bellis*
1114 1492 1259 1521 eorum
1287 1479 1463 1530 irruens,
1483 1478 1596 1534 apud
1622 1478 1764 1521 locum
1793 1480 1869 1534 qui

362 1538 508 1581 Sancte
526 1536 650 1579 Albis
667 1535 801 1578 Hede⁵
813 1540 990 1579 vocatur
1003 1550 1090 1579 uno
1108 1550 1235 1579 cursu
1253 1536 1560 1592 pervenientes,
1581 1536 1870 1579 oblacionibus

362 1609 412 1637 ac
432 1594 579 1650 spoliis
598 1594 713 1650 apud
732 1593 874 1637 locum
888 1594 1160 1645 transmissis,
1175 1594 1269 1637 sani
1283 1598 1327 1636 et
1345 1594 1579 1636 incolumes
1599 1594 1645 1636 in
1656 1594 1870 1650 regionem

363 1666 486 1695 suam
516 1652 677 1695 reversi
714 1656 826 1694 sunt.
886 1652 941 1694 In
973 1652 1059 1694 hiis
1092 1657 1236 1695 autem
1268 1652 1531 1707 temporibus
1565 1653 1595 1695 J
1597 1651 1784 1695 ohannes
1818 1652 1871 1694 de

364 1710 526 1753 Insulis
560 1724 659 1753 cum
692 1709 846 1765 Anglis
880 1710 1124 1754 faventibus
1153 1709 1335 1752 multam
1363 1710 1629 1753 vicinitatem
1662 1709 1871 1752 habebat:

363 1772 509 1811 contra
548 1782 675 1823 quem
714 1769 745 1811 J
746 1768 935 1811 ohannes
973 1781 1113 1811 comes
1152 1767 1358 1810 Moraviae
1390 1767 1549 1810 multos
1581 1771 1786 1810 tractatus
1819 1781 1869 1810 ac

362 1826 659 1878 dissenciones,
674 1826 722 1868 in
741 1830 878 1868 castro
897 1826 950 1869 de
968 1826 1161 1868 Tarbart⁶
1174 1826 1372 1877 existens,
1386 1825 1539 1868 habere
1553 1825 1725 1867 solebat.
1786 1825 1869 1867 Sed

363 1884 465 1940 quia
479 1898 618 1927 comes
631 1884 684 1926 de
697 1883 944 1927 Gillirland⁷
958 1885 1005 1926 in
1017 1884 1276 1939 adjutorium
1290 1884 1398 1939 regis
1410 1883 1579 1939 Angliae
1595 1897 1693 1925 cum
1707 1887 1869 1925 armata

363 1942 508 1985 valida
527 1942 575 1984 in
594 1942 787 1997 partibus
806 1941 1064 1984 australibus
1084 1941 1241 1984 Scociae
1269 1941 1487 1997 applicuit,
1516 1941 1612 1983 ideo
1640 1940 1868 1996 praedictus

364 2014 504 2043 comes
524 2000 579 2043 ad
599 1999 771 2042 easdem
789 2004 931 2056 partes
950 1998 1168 2050 australes,
1188 1998 1374 2049 dimissis
1393 1999 1636 2049 borialibus,
1656 2011 1702 2041 se
1730 2002 1869 2040 trans-

363 2058 537 2100 ferendo
584 2057 797 2114 perrexit;
853 2060 910 2108 et,
958 2057 1172 2112 adjunctis
1230 2056 1313 2099 sibi
1360 2057 1515 2099 comite
1564 2055 1867 2107 Marchiarum,

363 2115 583 2158 Willelmo
625 2115 680 2158 de
721 2115 924 2170 Douglas,
958 2114 1205 2157 Alexandro
1248 2114 1302 2157 de
1343 2114 1540 2170 Ramsay,
1584 2128 1683 2157 cum
1719 2113 1868 2156 multis

363 2173 461 2216 aliis
480 2173 695 2216 nobilibus
723 2173 853 2229 regni,
884 2173 1000 2229 apud
1028 2173 1298 2215 Borowmure
1327 2186 1596 2227 congressum
1625 2185 1724 2214 cum
1752 2170 1866 2214 dicto

363 2231 519 2274 comite
547 2230 601 2274 de
636 2230 882 2274 Gillirland⁸
908 2244 1039 2286 prope
1071 2230 1321 2286 Edinburgh
1354 2230 1515 2273 habuit.
1575 2230 1675 2281 Ubi,
1718 2228 1868 2271 multis

363 2304 417 2332 ex
438 2294 618 2345 utraque
646 2289 784 2344 parte⁹
803 2289 964 2340 occisis,
993 2288 1188 2344 quaedam
1215 2288 1361 2344 virago
1390 2288 1443 2331 de
1472 2287 1712 2338 Gissirland,
1741 2286 1868 2328 armis

363 2347 620 2389 militaribus
646 2347 809 2398 induta,
829 2360 927 2388 cum
954 2346 1140 2402 quodam
1168 2345 1303 2388 nobili
1333 2346 1468 2396 Scoto,
1487 2345 1660 2388 nomine
1688 2343 1867 2387 Ricardo

363 2405 416 2447 de
432 2404 616 2456 SchaV,¹⁰
626 2418 743 2447 arma
756 2404 928 2460 peregit.
988 2404 1083 2455 Qua
1097 2417 1173 2459 per
1187 2404 1370 2447 eundem
1384 2403 1613 2446 Ricardum
1627 2403 1680 2445 de
1695 2400 1869 2445 Schav¹⁰

363 2462 512 2512 occisa,
532 2467 747 2517 comperta
777 2466 843 2504 est
861 2461 1020 2504 femina
1048 2475 1151 2512 esse,
1170 2461 1224 2504 de
1243 2475 1328 2516 qua
1356 2460 1575 2503 multum11
1594 2459 1736 2502 mirati
1766 2462 1869 2501 sunt

363 2519 562 2562 universi.
623 2520 958 2562 Gonvalentibus
987 2519 1119 2575 igitur
1137 2519 1221 2561 hiis
1242 2519 1295 2562 de
1324 2518 1565 2569 Gillirland,
1584 2531 1679 2561 ecce
1698 2517 1867 2560 Willel—

363 2590 460 2619 mus
500 2577 554 2619 de
597 2577 809 2632 Dowglas,
852 2591 951 2619 cum
998 2577 1254 2632 quibusdam
1301 2576 1515 2619 nobilibus
1553 2575 1606 2618 de
1655 2575 1867 2618 Pentland

364 2634 679 2690 superveniens,
699 2635 869 2677 eosdem
887 2648 1024 2690 usque
1042 2634 1097 2676 ad
1116 2634 1267 2676 villam
1286 2634 1339 2676 de
1362 2632 1611 2688 Edinburgh
1639 2636 1684 2675 et
1702 2634 1750 2675 in
1768 2633 1864 2675 vico

426 2758 439 2780 ¹
458 2759 496 2793 C.
514 2759 553 2794 E.
571 2757 691 2792 millia.
742 2758 784 2791 D.
803 2758 932 2791 altered
937 2758 1039 2799 from
1054 2757 1174 2791 millia.
1398 2755 1413 2777 ²
1427 2757 1465 2789 B.
1487 2767 1734 2800 quascumque.
1756 2763 1762 2771 ’

425 2804 441 2827 ³
457 2806 494 2839 O.
517 2806 557 2839 Ε.
574 2806 657 2839 omit
672 2806 718 2838 et.
766 2805 810 2837 D.
828 2805 998 2838 inter-lines
1013 2806 1049 2837 it.
1401 2802 1415 2825 4
1431 2803 1470 2837 B.
1489 2803 1527 2837 C.
1546 2802 1656 2836 vellis.
1709 2803 1750 2838 E.
1768 2804 1865 2838 velis.

425 2852 441 2874 ⁵
459 2853 496 2887 C.
515 2853 556 2886 E.
575 2853 684 2886 Sanct
698 2851 821 2884 Abbez
837 2851 949 2885 Heed.
997 2851 1040 2885 D.
1060 2850 1168 2884 Sanct
1183 2849 1297 2884 Abbis
1314 2849 1418 2883 Heid.

425 2899 441 2922 θ
458 2901 495 2934 C.
514 2900 556 2932 D.
575 2900 615 2932 E.
634 2898 801 2932 Tarbard.
1400 2896 1415 2919 7
1431 2897 1468 2930 C.
1488 2897 1527 2930 E.
1547 2896 1769 2931 Grellirland.

424 2945 439 2967 ⁸
455 2947 492 2980 Ο.
510 2945 714 2980 Gerlilland.
763 2945 802 2979 Ε.
821 2944 1026 2979 Grelilland.
1398 2941 1414 2964 ⁹
1430 2944 1467 2977 O.
1486 2944 1529 2977 D.
1549 2944 1590 2976 E.
1605 2946 1686 2977 omit
1701 2947 1811 2987 parte.

409 2992 439 3015 ¹⁰
456 2994 492 3028 C.
513 2994 554 3027 D.
573 2994 613 3027 E.
633 2993 765 3027 Schaw.
1386 2989 1413 3012 ¹¹
1431 2991 1468 3025 C.
1488 2991 1527 3024 E.
1546 3002 1615 3034 quo
1632 2990 1746 3024 multi.
