2008 3360
339 282 417 320 126
840 289 967 321 LIBER
986 289 1342 322 PLUSCARDENSIS.

333 394 521 437 Franciae
547 392 692 450 quam¹
721 393 775 436 ad
801 393 1003 436 ducatum
1023 393 1216 448 judicari.
1274 393 1490 436 Pendente
1518 408 1616 438 vero
1642 397 1830 450 tempore

332 451 578 507 quaestionis
593 450 854 507 supradictae,
872 464 947 493 rex
966 451 1155 492 Franciae
1173 450 1261 492 filio
1276 450 1371 493 suo2
1389 451 1582 503 secundo,
1597 453 1672 508 qui
1685 456 1831 508 postea

332 510 417 552 fuit
445 509 545 560 dux,
564 523 746 552 sororem
775 522 895 551 suam
913 508 1126 563 propriam
1154 507 1237 551 sibi
1255 508 1430 550 tradidit
1457 509 1504 550 in
1522 523 1695 553 uxorem
1714 510 1831 552 Pari-

335 567 434 610 sius.
513 567 663 609 Comes
701 579 800 608 vero
839 565 1136 608 Nivernensis⁸
1182 565 1262 609 hoc
1290 566 1564 622 perpendens,
1597 567 1711 622 quod
1756 581 1832 609 rex

333 624 522 667 Franciae
550 637 733 666 sororem
761 637 883 666 suam
908 623 1160 679 cuicumque
1189 623 1281 666 sine
1309 626 1419 666 terra
1447 637 1534 666 non
1553 623 1736 668 dedisset
1763 624 1833 667 fir-

333 682 460 724 miter
479 681 697 732 credendo,
717 681 910 737 concepit
929 681 1043 737 quod
1062 681 1321 724 sentenciam
1346 680 1595 724 diffinitam⁴
1619 695 1694 737 per
1719 682 1834 737 judi-

334 739 450 782 cium
464 739 546 781 sibi
560 738 817 781 contrarium
830 739 1045 794 reciperet,
1059 739 1111 782 de
1122 738 1286 782 modico
1298 752 1374 794 pro
1389 739 1585 794 expensis
1599 743 1835 790 contentus,

260 800 262 804 ’
333 796 590 852 peticionem
603 796 776 840 remisit.
837 795 907 839 Sic
918 795 1059 852 igitur,
1073 810 1157 852 quo
1173 796 1226 840 ad
1241 796 1549 839 successionem
1568 796 1735 847 Scociae,
1749 810 1836 839 non

335 859 401 897 est
439 854 700 896 observanda
733 853 991 897 consuetudo
1030 854 1156 897 curiae
1184 855 1293 909 regis
1334 854 1500 905 Scociae,
1533 868 1629 910 quae
1662 858 1837 910 optenta

335 916 402 954 est
420 911 468 954 in
487 911 670 954 subditis
690 911 807 954 illius
824 911 955 968 regni,
969 916 1021 954 ut
1038 917 1144 967 puta
1158 912 1394 963 comitibus,
1408 912 1636 955 baronibus
1655 917 1699 955 et
1717 911 1837 964 aliis;

335 968 411 1012 sed
448 969 583 1026 magis
622 969 883 1013 observanda
916 969 1174 1013 consuetudo
1208 983 1303 1025 quae
1334 974 1508 1025 optenta
1541 974 1607 1012 est
1639 969 1687 1012 in
1721 970 1836 1012 curia

335 1027 445 1083 regis
473 1027 643 1083 Angliae
671 1041 756 1083 quo
781 1026 837 1070 ad
863 1041 986 1083 pares
1017 1027 1134 1070 illius
1163 1028 1299 1070 curiae.
1360 1027 1483 1078 Quod
1513 1027 1551 1070 si
1578 1041 1658 1071 nec
1686 1027 1734 1069 in
1761 1027 1837 1069 illa

336 1085 453 1127 curia
472 1098 598 1141 super
612 1099 713 1128 casu
726 1085 953 1141 praemisso,
966 1085 1038 1127 vel
1056 1084 1198 1136 simili,
1213 1085 1348 1141 possit
1366 1085 1549 1127 inveniri
1564 1085 1836 1136 consuetudo,

336 1143 637 1186 recurrendum
656 1147 722 1186 est
741 1142 795 1185 ad
818 1143 891 1198 jus
920 1143 1134 1198 scriptum,
1155 1156 1231 1198 per
1250 1143 1375 1199 quod,
1396 1143 1488 1186 sine
1508 1142 1651 1199 aliqua
1670 1142 1837 1185 dubita-

337 1200 470 1253 cione,
488 1200 764 1257 propinquior
781 1200 829 1243 in
847 1200 980 1256 gradu
997 1200 1249 1256 praeferetur.

429 1378 647 1437 §sequitur
666 1380 798 1426 abhuc
816 1380 865 1427 he
883 1379 1279 1492 schaagu-nubum
1298 1379 1481 1426 alim-um
1498 1379 1737 1436 avinionen.

1059 1482 1068 1493 .
1089 1452 1164 1492 bn.

341 1521 715 1588 fflAGISTER
752 1538 930 1595 Egidius
968 1537 1196 1590 ramberti,
1234 1537 1418 1581 decanus
1467 1537 1613 1581 Sancti
1659 1537 1839 1580 Martini

338 1597 605 1647 Turonensis,
624 1610 751 1652 super
769 1596 879 1639 hanc
897 1597 1120 1639 materiam
1138 1596 1377 1652 requisitus,
1392 1595 1497 1638 dicit
1516 1594 1630 1650 quod
1648 1595 1695 1637 in
1713 1609 1840 1651 regno

339 1654 527 1697 anciae
545 1654 875 1709 primogenitura
893 1667 980 1696 non
999 1655 1167 1709 praefert
1190 1667 1448 1709 quemquam
1476 1653 1572 1695 aliis
1600 1652 1648 1695 in
1676 1666 1839 1695 succes-

339 1713 468 1763 sione,
487 1712 573 1753 nisi
591 1711 667 1753 ubi
685 1716 787 1754 sunt
805 1711 947 1767 plures
966 1712 1013 1753 in
1032 1711 1180 1754 eodem
1198 1711 1342 1767 gradu,
1370 1715 1420 1753 ut
1447 1715 1553 1766 puta
1581 1710 1721 1766 plures
1750 1710 1841 1761 filii,

338 1770 480 1826 plures
500 1774 675 1825 nepotes
694 1769 765 1811 vel
783 1768 1063 1825 pronepotes,¹⁵
1076 1770 1225 1811 fratres
1244 1769 1315 1811 vel
1329 1782 1498 1819 sorores,
1517 1768 1587 1811 vel
1605 1767 1747 1823 plures
1762 1767 1842 1809 filii

337 1829 516 1870 fratrum
534 1826 605 1870 vel
633 1840 848 1880 sororum;
881 1832 925 1869 et
953 1826 1014 1870 sic
1043 1826 1241 1882 deinceps
1270 1827 1318 1868 in
1345 1826 1612 1868 ulterioribus
1640 1824 1838 1881 gradibus

339 1886 387 1927 in
417 1885 565 1928 eadem
592 1884 709 1936 linia,
727 1884 799 1927 vel
828 1884 1069 1935 collaterali,
1098 1882 1421 1927 discendentes.⁰
1477 1883 1571 1933 Sed,
1599 1883 1675 1924 ubi
1703 1883 1842 1938 agitur

339 1944 392 1986 de
407 1943 599 1999 pluribus
614 1942 803 1998 personis
814 1942 947 1998 gradu
960 1942 1186 1993 distinctis,
1197 1941 1526 1997 primogenitura
1537 1954 1623 1981 non
1635 1941 1841 1991 obstante,

339 2002 416 2056 qui
444 2000 579 2057 gradu
607 1999 883 2055 propinquior
919 2003 985 2042 est
1018 1999 1164 2042 statim
1196 1999 1438 2054 praeferetur
1478 1998 1525 2040 in
1553 1998 1841 2040 successione:

340 2060 452 2101 sicut
470 2061 590 2114 patet
609 2057 662 2100 de
680 2056 767 2099 filio
787 2057 1125 2112 secundogenito‚
1146 2057 1221 2112 qui
1239 2056 1286 2098 in
1305 2055 1566 2098 successione
1585 2055 1717 2111 patris
1735 2069 1841 2111 pree-

341 2116 475 2159 fertur
502 2115 647 2158 liberis
675 2115 947 2171 primogeniti
979 2114 1120 2156 fratris
1154 2114 1345 2156 defuncti
1377 2118 1497 2168 patre
1527 2113 1709 2156 vivente.
1784 2113 1842 2155 Et

340 2174 421 2217 hoc
454 2173 570 2216 idem
602 2173 650 2215 in
677 2172 875 2228 gradibus
900 2171 1168 2214 ulterioribus
1203 2172 1447 2213 observatur
1474 2170 1521 2212 in
1550 2171 1696 2213 eadem
1713 2169 1841 2212 linia⁷

341 2231 455 2286 quod
474 2231 589 2274 idem
608 2234 674 2272 est
692 2230 826 2272 eciam
845 2230 892 2271 in
919 2229 1036 2271 liniis
1062 2228 1382 2272 collateralibus.
1441 2229 1784 2284 Verumptamen,
1804 2226 1842 2269 si

340 2287 405 2330 in⁸
423 2302 551 2345 regno
572 2288 729 2330 Scociae
748 2287 877 2330 fuerit
896 2287 1155 2330 consuetudo
1176 2285 1289 2342 quod
1309 2285 1363 2328 si⁹
1376 2285 1691 2342 primogenitus,
1702 2284 1772 2327 vel
1786 2297 1840 2326 ex

341 2346 622 2401 primogenito
636 2345 876 2400 procedens,
887 2345 989 2388 licet
1002 2344 1134 2400 gradu
1148 2345 1360 2395 remocior,
1375 2345 1422 2385 in
1436 2343 1695 2386 successione
1709 2341 1841 2397 patris

342 2403 529 2458 praefern·
571 2403 753 2454 deberet,
790 2403 867 2445 illa
909 2401 1168 2445 consuetudo
1216 2402 1444 2458 approbata
1482 2404 1547 2443 est
1583 2398 1841 2442 observanda

343 2465 443 2502 ante
473 2460 623 2502 omnia.
682 2461 751 2511 Et,
769 2460 871 2515 quia
899 2460 1117 2502 dicebatur
1145 2459 1224 2502 ei¹⁰
1252 2458 1366 2514 quod
1391 2458 1466 2500 alii
1497 2456 1640 2512 magni
1665 2460 1766 2498 sunt
1794 2456 1842 2498 in

344 2518 542 2573 opinione
562 2517 686 2572 quod,
706 2518 753 2559 in
772 2531 872 2559 casu
891 2518 974 2559 isto
994 2517 1046 2560 de
1065 2517 1328 2559 successione
1356 2516 1474 2571 regni
1493 2514 1658 2564 Scociae,
1678 2527 1765 2555 non
1784 2513 1842 2555 sit

343 2574 558 2630 sequenda
600 2573 898 2616 consuetudo¹²
939 2575 1059 2629 regni
1097 2574 1263 2624 8000100,
1301 2572 1377 2615 sed.
1415 2572 1548 2627 magis
1582 2571 1840 2613 consuetudo

344 2631 502 2688 regni12
521 2631 648 2673 curiae
666 2631 846 2687 Angliae,
866 2645 961 2686 quae
983 2632 1030 2672 in
1055 2631 1245 2686 partibus
1264 2630 1381 2672 illius
1401 2629 1526 2671 curiae
1544 2628 1685 2670 locum
1702 2628 1843 2679 habet,

408 2747 421 2770 1
438 2749 475 2782 O.
493 2748 533 2782 E.
551 2750 732 2790 quantum.
978 2744 993 2767 ²
1008 2746 1045 2780 O.
1063 2746 1103 2779 Ε.
1118 2747 1198 2779 omit
1214 2756 1285 2779 su0.
1500 2742 1515 2765 ³
1531 2744 1573 2778 D.
1591 2743 1839 2779 Niverniensis.

408 2794 424 2817 4
441 2796 478 2829 C.
495 2795 534 2828 E.
553 2794 784 2827 diffinitivam.
977 2791 993 2814 ⁶
1008 2792 1065 2826 vel
1080 2795 1288 2836 pronepotes
1304 2793 1339 2825 in
1354 2792 1487 2833 margyz‘n
1500 2791 1593 2825 later.

408 2841 423 2864 ⁰
438 2843 477 2876 Ο.
495 2842 537 2875 D.
555 2840 595 2875 E.
612 2840 906 2874 discendentibus.
984 2838 999 2862 ⁷
1015 2839 1052 2872 O.
1070 2839 1109 2873 E.
1128 2839 1199 2871 add
1214 2838 1505 2872 discendentibus.

352 2926 354 2928 v
408 2887 423 2911 Β
437 2889 474 2922 O.
495 2889 534 2922 Ε.
552 2888 624 2921 add
640 2887 714 2921 1100.
983 2884 999 2908 ⁹
1014 2886 1055 2920 C.
1072 2886 1112 2919 E.
1131 2886 1211 2919 omit
1226 2885 1265 2919 si.
1493 2882 1522 2906 ¹⁰
1536 2884 1576 2918 B.
1594 2886 1689 2918 omits
1704 2883 1745 2920 ei.

393 2935 421 2958 ¹¹
438 2936 474 2970 O.
493 2936 532 2970 E.
551 2935 623 2969 add
638 2934 755 2978 ipsius.
970 2931 1000 2954 ²²
1014 2932 1113 2977 regni
1129 2933 1164 2966 in
1176 2933 1309 2975 maryin
1322 2932 1415 2966 later.
1464 2931 1502 2966 O.
1521 2931 1563 2967 D.
1582 2931 1620 2966 E.
1639 2933 1719 2965 omit
1734 2930 1840 2975 regni.
