2008 3360
398 291 481 331 378
891 301 1018 333 LIBER
1036 301 1391 336 PLUSGARDENSIS.

394 403 615 458 opiniones
634 407 678 447 et
694 405 798 447 alias
812 405 970 447 multas
986 405 1191 461 sagacitas
1206 407 1373 449 consilii
1385 407 1630 450 Basiliensis
1644 410 1885 453 reformavit

394 464 542 503 contra
570 461 824 518 Piagenses1
881 462 1030 504 Eciam
1061 467 1290 506 tenuenmt
1318 465 1432 520 quod
1460 468 1646 521 potestas
1675 468 1883 510 saecularis

393 518 636 574 principum
657 523 746 561 erat
765 533 893 574 supra
911 523 1165 575 potestatem
1187 522 1450 576 spiritualem
1469 526 1512 565 et
1530 523 1884 576 ecclesiasticam,2

394 579 440 618 et
477 576 592 631 quod
621 577 683 618 eis
721 577 970 632 pertinebat,
1008 578 1088 620 viz.
1127 579 1474 634 magistratibus?
1505 580 1623 623 licite
1655 582 1882 625 rectificare

394 633 569 676 clericos
600 637 645 676 et
676 634 874 689 praelatos
906 635 1212 690 delinquentes,
1251 637 1410 692 absque
1442 637 1619 680 licencia
1652 639 1885 694 spiritualis

393 690 646 745 potestatis‚⁴
664 696 707 734 et
726 692 951 735 autoritate
970 694 1140 748 propria
1154 694 1346 749 judicare
1361 695 1413 737 (10
1433 695 1647 750 spirituali
1665 700 1885 752 potestate,

393 747 593 798 dicentes,
612 752 664 790 ut
691 750 976 804 praemittitur,
995 751 1110 806 quod
1138 752 1372 807 spiritualis
1397 756 1584 807 potestas
1613 755 1803 809 subjecta
1821 758 1886 797 est

392 805 617 860 temporali
634 807 837 861 potestati
856 807 903 849 in
931 821 1060 863 regno
1088 810 1321 864 temporali.
1379 810 1436 852 Et
1455 810 1516 852 sic
1535 825 1704 855 omnem
1722 825 1885 867 posses-

393 862 557 905 sionem
576 863 777 907 volebant
795 866 850 907 ab
869 865 1046 908 ecclesia
1073 866 1157 909 Dei
1186 868 1360 918 auferre,
1380 871 1424 910 et
1451 868 1670 911 ecclesiam
1690 869 1885 912 omnibus

392 921 729 975 possessionibus
749 922 940 978 spoliare,
959 926 1010 965 ut
1036 924 1097 966 sic
1127 924 1294 967 deficiet
1316 925 1421 968 fides
1441 926 1612 968 Christi.
1670 927 1886 970 Dixerunt

392 978 527 1020 eciam
559 979 674 1034 quod
711 980 759 1021 111
791 980 973 1035 palacia⁵
1005 981 1113 1024 bene
1145 986 1260 1025 recta
1292 983 1520 1038 expediens
1551 986 1662 1026 esset
1700 985 1884 1036 domum,

390 1049 567 1078 uxorem
586 1040 630 1079 et
649 1037 791 1079 omnia
809 1038 920 1080 bona
934 1052 1025 1081 esse
1045 1040 1286 1082 communia
1305 1041 1512 1092 omnibus,
1530 1041 1696 1097 [eciam]
1719 1045 1762 1084 et
1775 1042 1885 1085 filias

390 1093 438 1135 in
452 1098 682 1149 conspectu
710 1098 880 1150 patrum
911 1099 955 1138 et
973 1110 1125 1139 uxores
1153 1097 1201 1139 in
1229 1103 1459 1153 conspectu
1487 1099 1743 1142 maritorum.
1802 1100 1886 1142 Sed

390 1164 467 1206 per
485 1152 712 1194 consilium
731 1153 835 1195 haeae
854 1153 1019 1196 hereses
1049 1158 1170 1197 erant
1198 1155 1442 1206 reformatae,
1463 1160 1507 1199 et
1525 1170 1671 1199 omnes
1690 1160 1884 1200 tenentes

389 1208 510 1251 illam
529 1214 689 1252 sectam
707 1211 762 1252 ab
780 1210 1087 1254 hereditatibus
1108 1213 1276 1267 expulsi
1296 1216 1339 1255 et
1368 1214 1656 1264 exhereditati,
1676 1217 1720 1256 et
1738 1228 1884 1257 eorum

389 1267 675 1321 possessiones
722 1268 833 1310 veris
873 1268 1127 1312 Christianis
1157 1283 1375 1321 concessae,
1406 1275 1450 1313 et
1482 1285 1684 1326 possessae
1718 1272 1772 1314 ab
1810 1272 1884 1314 eis.

389 1323 475 1374 Qui
512 1328 660 1379 postea
696 1325 916 1368 venientes
954 1326 1009 1368 ad
1047 1327 1284 1379 consilium,
1321 1328 1595 1383 postulabant
1628 1329 1689 1371 eis
1737 1343 1882 1371 eorum

388 1381 644 1424 hereditates
662 1382 843 1433 restitui,
862 1383 964 1438 quia
983 1385 1172 1426 contenti
1191 1389 1311 1428 erant
1330 1399 1475 1427 eorum
1503 1399 1660 1428 errores
1679 1400 1881 1429 revocare.

330 1488 340 1497 ο
388 1438 555 1489 Quibus
602 1453 852 1495 responsum
904 1441 989 1483 fuit
1042 1442 1156 1497 quod
1195 1456 1465 1498 nequaquam
1512 1444 1764 1486 inaeternum
1802 1444 1882 1487 hoc

387 1497 597 1540 facerent:
627 1511 727 1539 nam
757 1502 930 1553 peccata
960 1511 1037 1540 sua
1069 1499 1214 1554 pejora
1246 1503 1513 1552 meruerunt3
1551 1501 1739 1544 dicentes
1770 1497 1884 1557 quod

387 1553 567 1609 dignum
585 1559 650 1598 est
669 1559 720 1597 ut
738 1556 835 1611 quis
853 1555 1056 1611 puniatur
1073 1556 1120 1598 in
1140 1570 1190 1599 00
1209 1557 1323 1612 quod
1341 1558 1542 1613 deliquid.

407 1725 626 1780 §equitur
645 1726 832 1780 quanm
851 1726 1035 1783 &wlizi
1054 1727 1275 1773 subtiliter
1292 1728 1487 1773 halabant
1506 1729 1708 1784 franget&
1726 1730 1857 1785 ligant

502 1791 617 1837 inter
635 1792 865 1846 &tantiam
884 1794 926 1838 ct
945 1792 1146 1847 5101111111
1163 1809 1174 1845 ;
1199 1807 1292 1839 mm
1311 1794 1681 1841 intihmriis.—OE.
1702 1796 1757 1841 hi.

390 1884 631 1943 &IRCA
659 1900 775 1944 idem
793 1904 965 1957 tempus
984 1902 1104 1944 venit
1124 1901 1176 1945 de
1203 1902 1362 1958 Anglia
1381 1903 1555 1958 quidam
1573 1903 1708 1955 miles,
1727 1905 1882 1948 missus

387 1973 414 2001 a
431 1972 527 2014 rege
548 1958 714 2014 Angliae
732 1959 820 2014 regi
840 1960 997 2002 Scociae
1017 1964 1060 2002 et
1087 1959 1292 2011 consilio,⁷
1321 1974 1419 2003 cum
1447 1964 1561 2003 certa
1588 1962 1882 2005 commissione

387 2020 432 2059 et
464 2016 832 2059 instruccionibus.
893 2017 1019 2059 Unde
1043 2031 1118 2060 rex
1146 2017 1398 2060 informatus
1428 2031 1453 2060 a
1472 2018 1737 2073 quibusdam,
1766 2020 1880 2075 apud

388 2073 519 2116 Perth
537 2074 807 2129 congregavit
835 2074 1060 2117 consilium
1088 2075 1281 2130 generale
1300 2075 1347 2117 in
1366 2089 1511 2118 mense
1533 2077 1726 2120 Octobris
1744 2093 1753 2119 :
1784 2092 1880 2133 pro-

386 2132 528 2187 posita
546 2135 612 2174 est
630 2132 807 2174 materia
826 2132 878 2175 de
897 2146 1002 2188 pace
1031 2132 1226 2175 habenda
1245 2147 1343 2176 cum
1367 2132 1514 2189 Anglis
1532 2137 1746 2189 perpetua,
1765 2139 1809 2177 et
1828 2135 1881 2178 de

385 2189 661 2232 restituendis
691 2189 889 2232 omnibus
923 2190 1083 2241 castris,
1113 2190 1228 2233 villis
1262 2194 1306 2233 et
1337 2191 1673 2246 possessionibus
1701 2206 1797 2247 quae
1824 2193 1879 2235 ad

386 2261 565 2302 regnum
595 2247 754 2289 Scociae
786 2261 862 2303 per
894 2251 1009 2290 certa
1038 2251 1227 2303 tempora
1255 2251 1469 2291 transacta
1500 2250 1710 2304 pertinere
1738 2250 1879 2292 dinos-

388 2308 554 2355 cuntur,
574 2307 618 2347 et
635 2304 848 2360 praecipue
867 2305 1099 2362 Roxburgh
1127 2309 1170 2348 et
1191 2305 1371 2356 Berwik,
1390 2310 1434 2348 et
1452 2307 1595 2348 omnia
1623 2306 1706 2349 alia
1724 2307 1817 2350 loca
1835 2311 1879 2350 et

388 2362 673 2417 possessiones
693 2376 789 2418 (111εο
807 2363 966 2418 injuste
985 2363 1091 2406 alias
1120 2363 1174 2405 de
1192 2377 1320 2419 regno
1350 2363 1508 2406 Scociae
1526 2364 1816 2418 abstulerunt;
1835 2369 1879 2407 et

389 2433 488 2461 cum
507 2419 569 2462 eis
587 2425 835 2475 perpetuam
853 2434 1002 2475 pacem
1020 2421 1217 2464 facerent.
1274 2421 1331 2463 Et
1342 2420 1431 2463 haec
1442 2421 1490 2463 in
1503 2422 1731 2476 praesencia
1748 2422 1880 2477 regis⁸

388 2479 487 2518 ante
525 2490 727 2532 magnum
760 2477 891 2520 altare
929 2478 977 2520 in
1015 2477 1191 2521 ecclesia
1230 2478 1556 2521 Praedicatorum
1594 2479 1709 2534 apud
1746 2479 1877 2521 Perth

387 2538 705 2589 proposuerunt.
785 2535 948 2586 Quibus
996 2535 1179 2578 breviter
1224 2549 1472 2591 responsum
1512 2536 1606 2579 est⁹
1662 2549 1708 2579 se
1765 2537 1878 2580 velle

386 2591 570 2633 libenter
594 2604 742 2645 pacem
771 2605 870 2634 cum
897 2592 1093 2636 libertate
1121 2593 1275 2636 habere
1287 2609 1298 2646 ;
1327 2594 1431 2636 alias
1459 2607 1572 2636 non:
1599 2596 1643 2636 et
1671 2593 1750 2636 hoc
1778 2607 1876 2636 con-

385 2648 566 2691 corditer
580 2648 632 2690 de
651 2648 761 2691 bono
781 2649 903 2692 corde
915 2650 1120 2693 affectare.
1180 2651 1378 2702 Tandem,
1393 2649 1602 2693 vocibus¹⁰
1615 2650 1876 2706 singulorum

449 2756 462 2778 ¹
480 2757 517 2790 O.
534 2755 575 2789 E.
592 2756 791 2799 Pragenses.
840 2756 883 2789 D.
900 2757 1027 2790 altered
1031 2759 1132 2798 from
1147 2758 1345 2802 Pragenses.

449 2802 465 2825 ²
480 2804 517 2836 O.
535 2803 575 2836 E.
593 2802 808 2846 spiritualem
825 2803 932 2846 reglia
947 2814 1057 2837 causa.
1416 2803 1431 2826 3
1446 2805 1482 2838 O.
1501 2804 1610 2848 magis
1625 2805 1803 2839 stratibus.

449 2848 464 2871 4
481 2851 518 2883 C.
537 2849 577 2883 E.
595 2849 668 2882 add
682 2848 724 2882 ei.
865 2847 880 2870 ⁶
895 2849 931 2884 C.
948 2850 1089 2893 polenia.
1140 2851 1178 2885 E.
1197 2850 1328 2895 politia.
1416 2850 1431 2872 θ
1447 2851 1485 2885 C.
1503 2851 1541 2884 E.
1559 2851 1755 2896 infringere.

449 2895 464 2918 ⁷
481 2896 620 2930 Altered
624 2895 725 2938 from
740 2895 820 2929 filio.
1417 2896 1431 2918 8
1446 2898 1537 2941 regis
1553 2899 1589 2931 in
1604 2901 1738 2942 maryin
1754 2900 1849 2933 lacer.

450 2942 465 2965 ⁰
480 2945 535 2977 est
551 2944 586 2977 in
601 2944 736 2986 maryin
752 2943 846 2977 later.
895 2943 937 2977 D.
955 2944 1050 2977 omits
1066 2945 1099 2977 ic.
1402 2943 1430 2965 ¹⁰
1447 2945 1483 2978 O.
1501 2945 1540 2979 Ε.
1558 2947 1649 2978 vota.
