<?xml version="1.0" encoding="UTF-8"?>
<!DOCTYPE html PUBLIC "-//W3C//DTD XHTML 1.0 Transitional//EN"
    "http://www.w3.org/TR/xhtml1/DTD/xhtml1-transitional.dtd">
<html xmlns="http://www.w3.org/1999/xhtml" xml:lang="en" lang="en">
 <head>
  <title>
</title>
<meta http-equiv="Content-Type" content="text/html;charset=utf-8" />
  <meta name='ocr-system' content='tesseract 3.04.00' />
  <meta name='ocr-capabilities' content='ocr_page ocr_carea ocr_par ocr_line ocrx_word'/>
</head>
<body>
  <div class='ocr_page' id='page_1' title='image "./liberpluscardens07plusuoft/liberpluscardens07plusuoft_0287.png"; bbox 0 0 2008 3360; ppageno 0'>
   <div class='ocr_carea' id='block_1_1' title="bbox 767 310 1673 349">
    <p class='ocr_par' dir='ltr' id='par_1_1' title="bbox 767 310 1673 349">
     <span class='ocr_line' id='line_1_1' title="bbox 767 310 1673 349; baseline -0.002 0"><span class='ocrx_word' id='word_1_1' title='bbox 767 318 894 349; x_wconf 86' lang='lat' dir='ltr'>LIBER</span> <span class='ocrx_word' id='word_1_2' title='bbox 914 317 1074 349; x_wconf 87' lang='lat' dir='ltr'>NONUS.</span> <span class='ocrx_word' id='word_1_3' title='bbox 1591 310 1673 347; x_wconf 75' lang='lat'>235</span> 
     </span>
    </p>
   </div>
   <div class='ocr_carea' id='block_1_2' title="bbox 162 421 1680 2685">
    <p class='ocr_par' dir='ltr' id='par_1_2' title="bbox 162 421 1680 2685">
     <span class='ocr_line' id='line_1_2' title="bbox 163 421 1675 480; baseline -0.003 -13"><span class='ocrx_word' id='word_1_4' title='bbox 163 424 377 480; x_wconf 87' lang='lat' dir='ltr'>Angliam,</span> <span class='ocrx_word' id='word_1_5' title='bbox 396 424 520 467; x_wconf 89' lang='lat' dir='ltr'>ambo</span> <span class='ocrx_word' id='word_1_6' title='bbox 542 424 731 467; x_wconf 90' lang='lat' dir='ltr'>coronati</span> <span class='ocrx_word' id='word_1_7' title='bbox 759 427 861 466; x_wconf 89' lang='lat' dir='ltr'>sunt</span> <span class='ocrx_word' id='word_1_8' title='bbox 880 423 1129 465; x_wconf 89' lang='lat' dir='ltr'>Londoneis.</span> <span class='ocrx_word' id='word_1_9' title='bbox 1209 422 1302 464; x_wconf 84' lang='lat' dir='ltr'>Rex</span> <span class='ocrx_word' id='word_1_10' title='bbox 1322 435 1422 464; x_wconf 82' lang='lat' dir='ltr'>vero</span> <span class='ocrx_word' id='word_1_11' title='bbox 1453 421 1675 473; x_wconf 87' lang='lat' dir='ltr'>Robertus,</span> 
     </span>
     <span class='ocr_line' id='line_1_3' title="bbox 163 480 1677 532; baseline -0.003 -7"><span class='ocrx_word' id='word_1_12' title='bbox 163 483 461 526; x_wconf 88' lang='lat' dir='ltr'>convalescens</span> <span class='ocrx_word' id='word_1_13' title='bbox 497 482 549 525; x_wconf 93' lang='lat' dir='ltr'>de</span> <span class='ocrx_word' id='word_1_14' title='bbox 584 483 653 525; x_wconf 90' lang='lat' dir='ltr'>die</span> <span class='ocrx_word' id='word_1_15' title='bbox 682 483 730 524; x_wconf 90' lang='lat' dir='ltr'>in</span> <span class='ocrx_word' id='word_1_16' title='bbox 764 483 890 532; x_wconf 90' lang='lat' dir='ltr'>diem,</span> <span class='ocrx_word' id='word_1_17' title='bbox 923 482 1184 524; x_wconf 81' lang='lat' dir='ltr'>incessanter</span> <span class='ocrx_word' id='word_1_18' title='bbox 1219 483 1357 522; x_wconf 86' lang='lat' dir='ltr'>castra</span> <span class='ocrx_word' id='word_1_19' title='bbox 1391 494 1440 522; x_wconf 87' lang='lat' dir='ltr'>ac</span> <span class='ocrx_word' id='word_1_20' title='bbox 1475 480 1677 522; x_wconf 85' lang='lat' dir='ltr'>fortilicia</span> 
     </span>
     <span class='ocr_line' id='line_1_4' title="bbox 164 538 1673 594; baseline -0.003 -11"><span class='ocrx_word' id='word_1_21' title='bbox 164 542 404 583; x_wconf 89' lang='lat' dir='ltr'>obsedendo</span> <span class='ocrx_word' id='word_1_22' title='bbox 425 541 647 591; x_wconf 83' lang='lat' dir='ltr'>destruxit,</span> <span class='ocrx_word' id='word_1_23' title='bbox 669 545 712 583; x_wconf 91' lang='lat' dir='ltr'>et</span> <span class='ocrx_word' id='word_1_24' title='bbox 742 541 795 582; x_wconf 90' lang='lat' dir='ltr'>ad</span> <span class='ocrx_word' id='word_1_25' title='bbox 824 544 980 582; x_wconf 88' lang='lat' dir='ltr'>terram</span> <span class='ocrx_word' id='word_1_26' title='bbox 1008 553 1144 594; x_wconf 91' lang='lat' dir='ltr'>usque</span> <span class='ocrx_word' id='word_1_27' title='bbox 1174 538 1228 580; x_wconf 87' lang='lat' dir='ltr'>ad</span> <span class='ocrx_word' id='word_1_28' title='bbox 1254 552 1480 580; x_wconf 88' lang='lat' dir='ltr'>numerum</span> <span class='ocrx_word' id='word_1_29' title='bbox 1501 543 1673 580; x_wconf 87' lang='lat' dir='ltr'>centum</span> 
     </span>
     <span class='ocr_line' id='line_1_5' title="bbox 162 596 1674 654; baseline -0.001 -13"><span class='ocrx_word' id='word_1_30' title='bbox 162 600 301 640; x_wconf 83' lang='lat' dir='ltr'>xxxvi</span> <span class='ocrx_word' id='word_1_31' title='bbox 322 600 572 650; x_wconf 86' lang='lat' dir='ltr'>demollivit,</span> <span class='ocrx_word' id='word_1_32' title='bbox 592 600 638 641; x_wconf 89' lang='lat' dir='ltr'>in</span> <span class='ocrx_word' id='word_1_33' title='bbox 659 599 851 654; x_wconf 81' lang='lat' dir='ltr'>spacium</span> <span class='ocrx_word' id='word_1_34' title='bbox 867 612 942 640; x_wconf 83' lang='lat' dir='ltr'>sex</span> <span class='ocrx_word' id='word_1_35' title='bbox 958 611 1175 646; x_wconf 84' lang='lat' dir='ltr'>annorum,</span> <span class='ocrx_word' id='word_1_36' title='bbox 1189 596 1346 652; x_wconf 88' lang='lat' dir='ltr'>scripta</span> <span class='ocrx_word' id='word_1_37' title='bbox 1361 600 1403 638; x_wconf 91' lang='lat' dir='ltr'>et</span> <span class='ocrx_word' id='word_1_38' title='bbox 1419 600 1674 651; x_wconf 86' lang='lat' dir='ltr'>computata.</span> 
     </span>
     <span class='ocr_line' id='line_1_6' title="bbox 163 655 1676 713; baseline -0.001 -15"><span class='ocrx_word' id='word_1_39' title='bbox 163 657 219 699; x_wconf 91' lang='lat' dir='ltr'>In</span> <span class='ocrx_word' id='word_1_40' title='bbox 238 671 323 712; x_wconf 90' lang='lat' dir='ltr'>quo</span> <span class='ocrx_word' id='word_1_41' title='bbox 352 662 541 713; x_wconf 89' lang='lat' dir='ltr'>tempore</span> <span class='ocrx_word' id='word_1_42' title='bbox 561 659 590 700; x_wconf 84' lang='lat' dir='ltr'>J</span> <span class='ocrx_word' id='word_1_43' title='bbox 593 658 780 699; x_wconf 88' lang='lat' dir='ltr'>ohannes</span> <span class='ocrx_word' id='word_1_44' title='bbox 812 657 983 711; x_wconf 87' lang='lat' dir='ltr'>Cumyn</span> <span class='ocrx_word' id='word_1_45' title='bbox 1013 659 1056 698; x_wconf 87' lang='lat' dir='ltr'>et</span> <span class='ocrx_word' id='word_1_46' title='bbox 1074 655 1333 705; x_wconf 89' lang='lat' dir='ltr'>Willelmus‚</span> <span class='ocrx_word' id='word_1_47' title='bbox 1353 669 1451 696; x_wconf 90' lang='lat' dir='ltr'>cum</span> <span class='ocrx_word' id='word_1_48' title='bbox 1477 655 1507 697; x_wconf 82' lang='lat' dir='ltr'>J</span> <span class='ocrx_word' id='word_1_49' title='bbox 1509 655 1676 697; x_wconf 89' lang='lat' dir='ltr'>ohanne</span> 
     </span>
     <span class='ocr_line' id='line_1_7' title="bbox 164 713 1674 771; baseline -0.001 -15"><span class='ocrx_word' id='word_1_50' title='bbox 164 716 216 757; x_wconf 94' lang='lat' dir='ltr'>de</span> <span class='ocrx_word' id='word_1_51' title='bbox 236 716 471 771; x_wconf 88' lang='lat' dir='ltr'>Mowbray‚</span> <span class='ocrx_word' id='word_1_52' title='bbox 492 716 682 758; x_wconf 82' lang='lat' dir='ltr'>exercitu</span> <span class='ocrx_word' id='word_1_53' title='bbox 711 729 863 770; x_wconf 84' lang='lat' dir='ltr'>magno</span> <span class='ocrx_word' id='word_1_54' title='bbox 885 717 1146 769; x_wconf 86' lang='lat' dir='ltr'>congregato,</span> <span class='ocrx_word' id='word_1_55' title='bbox 1165 727 1306 768; x_wconf 85' lang='lat' dir='ltr'>regem</span> <span class='ocrx_word' id='word_1_56' title='bbox 1327 713 1560 755; x_wconf 85' lang='lat' dir='ltr'>Robertum</span> <span class='ocrx_word' id='word_1_57' title='bbox 1580 727 1674 768; x_wconf 91' lang='lat' dir='ltr'>per-</span> 
     </span>
     <span class='ocr_line' id='line_1_8' title="bbox 163 771 1675 829; baseline -0.003 -13"><span class='ocrx_word' id='word_1_58' title='bbox 163 778 370 828; x_wconf 87' lang='lat' dir='ltr'>sequntur</span> <span class='ocrx_word' id='word_1_59' title='bbox 397 787 533 829; x_wconf 89' lang='lat' dir='ltr'>usque</span> <span class='ocrx_word' id='word_1_60' title='bbox 554 774 608 815; x_wconf 91' lang='lat' dir='ltr'>ad</span> <span class='ocrx_word' id='word_1_61' title='bbox 638 772 902 828; x_wconf 65' lang='lat' dir='ltr'>Inverrugy}</span> <span class='ocrx_word' id='word_1_62' title='bbox 922 772 998 814; x_wconf 92' lang='lat' dir='ltr'>ubi</span> <span class='ocrx_word' id='word_1_63' title='bbox 1026 771 1139 813; x_wconf 88' lang='lat' dir='ltr'>bello</span> <span class='ocrx_word' id='word_1_64' title='bbox 1171 785 1215 812; x_wconf 90' lang='lat' dir='ltr'>se</span> <span class='ocrx_word' id='word_1_65' title='bbox 1246 775 1518 826; x_wconf 77' lang='lat' dir='ltr'>exponentes,</span> <span class='ocrx_word' id='word_1_66' title='bbox 1537 771 1675 813; x_wconf 85' lang='lat' dir='ltr'>multo</span> 
     </span>
     <span class='ocr_line' id='line_1_9' title="bbox 163 830 1675 886; baseline -0.001 -14"><span class='ocrx_word' id='word_1_67' title='bbox 163 832 359 874; x_wconf 75' lang='lat' dir='ltr'>forciores</span> <span class='ocrx_word' id='word_1_68' title='bbox 381 836 501 874; x_wconf 91' lang='lat' dir='ltr'>erant</span> <span class='ocrx_word' id='word_1_69' title='bbox 521 832 633 873; x_wconf 91' lang='lat' dir='ltr'>dicto</span> <span class='ocrx_word' id='word_1_70' title='bbox 654 845 761 886; x_wconf 87' lang='lat' dir='ltr'>rege,</span> <span class='ocrx_word' id='word_1_71' title='bbox 781 831 856 886; x_wconf 90' lang='lat' dir='ltr'>qui</span> <span class='ocrx_word' id='word_1_72' title='bbox 877 831 931 872; x_wconf 91' lang='lat' dir='ltr'>ad</span> <span class='ocrx_word' id='word_1_73' title='bbox 950 830 1035 872; x_wconf 92' lang='lat' dir='ltr'>huc</span> <span class='ocrx_word' id='word_1_74' title='bbox 1055 830 1178 884; x_wconf 84' lang='lat' dir='ltr'>quasi</span> <span class='ocrx_word' id='word_1_75' title='bbox 1197 830 1244 870; x_wconf 90' lang='lat' dir='ltr'>in</span> <span class='ocrx_word' id='word_1_76' title='bbox 1264 830 1415 871; x_wconf 86' lang='lat' dir='ltr'>feretro</span> <span class='ocrx_word' id='word_1_77' title='bbox 1435 830 1483 871; x_wconf 90' lang='lat' dir='ltr'>in</span> <span class='ocrx_word' id='word_1_78' title='bbox 1501 830 1675 884; x_wconf 85' lang='lat' dir='ltr'>grabato</span> 
     </span>
     <span class='ocr_line' id='line_1_10' title="bbox 163 887 1677 944; baseline -0.001 -12"><span class='ocrx_word' id='word_1_79' title='bbox 163 891 411 944; x_wconf 87' lang='lat' dir='ltr'>portabatur</span> <span class='ocrx_word' id='word_1_80' title='bbox 430 891 585 932; x_wconf 78' lang='lat' dir='ltr'>cotidie</span> <span class='ocrx_word' id='word_1_81' title='bbox 606 890 784 944; x_wconf 89' lang='lat' dir='ltr'>equino:</span> <span class='ocrx_word' id='word_1_82' title='bbox 816 889 928 944; x_wconf 85' lang='lat' dir='ltr'>quia,</span> <span class='ocrx_word' id='word_1_83' title='bbox 947 888 1049 930; x_wconf 89' lang='lat' dir='ltr'>licet</span> <span class='ocrx_word' id='word_1_84' title='bbox 1069 889 1116 928; x_wconf 91' lang='lat' dir='ltr'>in</span> <span class='ocrx_word' id='word_1_85' title='bbox 1136 901 1245 942; x_wconf 89' lang='lat' dir='ltr'>equo</span> <span class='ocrx_word' id='word_1_86' title='bbox 1266 887 1381 929; x_wconf 89' lang='lat' dir='ltr'>solus</span> <span class='ocrx_word' id='word_1_87' title='bbox 1402 901 1478 942; x_wconf 91' lang='lat' dir='ltr'>per</span> <span class='ocrx_word' id='word_1_88' title='bbox 1497 901 1542 929; x_wconf 92' lang='lat' dir='ltr'>se</span> <span class='ocrx_word' id='word_1_89' title='bbox 1562 888 1677 930; x_wconf 89' lang='lat' dir='ltr'>ince-</span> 
     </span>
     <span class='ocr_line' id='line_1_11' title="bbox 164 946 1676 1003; baseline -0.002 -13"><span class='ocrx_word' id='word_1_90' title='bbox 164 948 262 990; x_wconf 86' lang='lat' dir='ltr'>dere</span> <span class='ocrx_word' id='word_1_91' title='bbox 287 963 374 990; x_wconf 90' lang='lat' dir='ltr'>non</span> <span class='ocrx_word' id='word_1_92' title='bbox 393 949 545 1003; x_wconf 89' lang='lat' dir='ltr'>potuit,</span> <span class='ocrx_word' id='word_1_93' title='bbox 566 952 722 997; x_wconf 88' lang='lat' dir='ltr'>tamen,</span> <span class='ocrx_word' id='word_1_94' title='bbox 742 952 792 989; x_wconf 91' lang='lat' dir='ltr'>ut</span> <span class='ocrx_word' id='word_1_95' title='bbox 811 946 1021 1002; x_wconf 88' lang='lat' dir='ltr'>populum</span> <span class='ocrx_word' id='word_1_96' title='bbox 1051 959 1177 987; x_wconf 91' lang='lat' dir='ltr'>suum</span> <span class='ocrx_word' id='word_1_97' title='bbox 1207 946 1425 996; x_wconf 83' lang='lat' dir='ltr'>animaret,</span> <span class='ocrx_word' id='word_1_98' title='bbox 1456 960 1480 987; x_wconf 92' lang='lat' dir='ltr'>a</span> <span class='ocrx_word' id='word_1_99' title='bbox 1510 946 1676 987; x_wconf 89' lang='lat' dir='ltr'>duobus</span> 
     </span>
     <span class='ocr_line' id='line_1_12' title="bbox 162 1003 1676 1060; baseline -0.001 -12"><span class='ocrx_word' id='word_1_100' title='bbox 162 1006 408 1048; x_wconf 89' lang='lat' dir='ltr'>hominibus</span> <span class='ocrx_word' id='word_1_101' title='bbox 428 1006 683 1048; x_wconf 78' lang='lat' dir='ltr'>manualiter</span> <span class='ocrx_word' id='word_1_102' title='bbox 703 1019 830 1059; x_wconf 87' lang='lat' dir='ltr'>super</span> <span class='ocrx_word' id='word_1_103' title='bbox 850 1018 1009 1060; x_wconf 89' lang='lat' dir='ltr'>equum</span> <span class='ocrx_word' id='word_1_104' title='bbox 1039 1003 1222 1045; x_wconf 90' lang='lat' dir='ltr'>eundem</span> <span class='ocrx_word' id='word_1_105' title='bbox 1251 1004 1420 1058; x_wconf 90' lang='lat' dir='ltr'>proprio</span> <span class='ocrx_word' id='word_1_106' title='bbox 1441 1008 1562 1046; x_wconf 91' lang='lat' dir='ltr'>motu</span> <span class='ocrx_word' id='word_1_107' title='bbox 1583 1018 1676 1046; x_wconf 90' lang='lat' dir='ltr'>sus-</span> 
     </span>
     <span class='ocr_line' id='line_1_13' title="bbox 162 1062 1676 1114; baseline -0.001 -8"><span class='ocrx_word' id='word_1_108' title='bbox 162 1065 298 1106; x_wconf 85' lang='lat' dir='ltr'>tinere</span> <span class='ocrx_word' id='word_1_109' title='bbox 330 1064 442 1114; x_wconf 84' lang='lat' dir='ltr'>fecit,</span> <span class='ocrx_word' id='word_1_110' title='bbox 474 1064 529 1105; x_wconf 90' lang='lat' dir='ltr'>ad</span> <span class='ocrx_word' id='word_1_111' title='bbox 559 1064 701 1105; x_wconf 90' lang='lat' dir='ltr'>locum</span> <span class='ocrx_word' id='word_1_112' title='bbox 732 1067 879 1104; x_wconf 89' lang='lat' dir='ltr'>tamen</span> <span class='ocrx_word' id='word_1_113' title='bbox 914 1062 1169 1111; x_wconf 75' lang='lat' dir='ltr'>certaminis,</span> <span class='ocrx_word' id='word_1_114' title='bbox 1203 1066 1253 1102; x_wconf 90' lang='lat' dir='ltr'>ut</span> <span class='ocrx_word' id='word_1_115' title='bbox 1287 1062 1515 1113; x_wconf 87' lang='lat' dir='ltr'>videretur,</span> <span class='ocrx_word' id='word_1_116' title='bbox 1547 1062 1676 1104; x_wconf 84' lang='lat' dir='ltr'>feroci</span> 
     </span>
     <span class='ocr_line' id='line_1_14' title="bbox 163 1119 1676 1177; baseline -0.001 -14"><span class='ocrx_word' id='word_1_117' title='bbox 163 1123 290 1163; x_wconf 88' lang='lat' dir='ltr'>vultu</span> <span class='ocrx_word' id='word_1_118' title='bbox 310 1122 518 1177; x_wconf 84' lang='lat' dir='ltr'>perrexit3</span> <span class='ocrx_word' id='word_1_119' title='bbox 547 1135 806 1176; x_wconf 88' lang='lat' dir='ltr'>quamquam</span> <span class='ocrx_word' id='word_1_120' title='bbox 827 1135 914 1162; x_wconf 90' lang='lat' dir='ltr'>non</span> <span class='ocrx_word' id='word_1_121' title='bbox 934 1121 1026 1162; x_wconf 92' lang='lat' dir='ltr'>sine</span> <span class='ocrx_word' id='word_1_122' title='bbox 1047 1119 1291 1162; x_wconf 72' lang='lat' dir='ltr'>discrimine</span> <span class='ocrx_word' id='word_1_123' title='bbox 1312 1121 1517 1174; x_wconf 87' lang='lat' dir='ltr'>corporali</span> <span class='ocrx_word' id='word_1_124' title='bbox 1538 1134 1676 1162; x_wconf 90' lang='lat' dir='ltr'>assur-</span> 
     </span>
     <span class='ocr_line' id='line_1_15' title="bbox 163 1178 1676 1232; baseline -0.001 -10"><span class='ocrx_word' id='word_1_125' title='bbox 163 1181 285 1230; x_wconf 85' lang='lat' dir='ltr'>rexit,</span> <span class='ocrx_word' id='word_1_126' title='bbox 307 1185 349 1222; x_wconf 91' lang='lat' dir='ltr'>et</span> <span class='ocrx_word' id='word_1_127' title='bbox 369 1194 467 1222; x_wconf 91' lang='lat' dir='ltr'>suos</span> <span class='ocrx_word' id='word_1_128' title='bbox 487 1184 536 1221; x_wconf 92' lang='lat' dir='ltr'>ut</span> <span class='ocrx_word' id='word_1_129' title='bbox 566 1194 610 1221; x_wconf 91' lang='lat' dir='ltr'>se</span> <span class='ocrx_word' id='word_1_130' title='bbox 640 1183 863 1229; x_wconf 75' lang='lat' dir='ltr'>armarent,</span> <span class='ocrx_word' id='word_1_131' title='bbox 885 1193 933 1220; x_wconf 93' lang='lat' dir='ltr'>ac</span> <span class='ocrx_word' id='word_1_132' title='bbox 954 1192 1062 1232; x_wconf 89' lang='lat' dir='ltr'>equo</span> <span class='ocrx_word' id='word_1_133' title='bbox 1083 1182 1133 1219; x_wconf 92' lang='lat' dir='ltr'>ut</span> <span class='ocrx_word' id='word_1_134' title='bbox 1153 1191 1251 1219; x_wconf 90' lang='lat' dir='ltr'>eum</span> <span class='ocrx_word' id='word_1_135' title='bbox 1282 1178 1574 1232; x_wconf 82' lang='lat' dir='ltr'>apponerent,2</span> <span class='ocrx_word' id='word_1_136' title='bbox 1595 1179 1676 1220; x_wconf 90' lang='lat' dir='ltr'>im-</span> 
     </span>
     <span class='ocr_line' id='line_1_16' title="bbox 162 1235 1678 1293; baseline -0.001 -14"><span class='ocrx_word' id='word_1_137' title='bbox 162 1238 337 1293; x_wconf 88' lang='lat' dir='ltr'>peravit.</span> <span class='ocrx_word' id='word_1_138' title='bbox 399 1238 523 1288; x_wconf 81' lang='lat' dir='ltr'>Quod</span> <span class='ocrx_word' id='word_1_139' title='bbox 544 1252 641 1279; x_wconf 90' lang='lat' dir='ltr'>cum</span> <span class='ocrx_word' id='word_1_140' title='bbox 661 1238 823 1279; x_wconf 86' lang='lat' dir='ltr'>factum</span> <span class='ocrx_word' id='word_1_141' title='bbox 843 1240 964 1288; x_wconf 88' lang='lat' dir='ltr'>esset,</span> <span class='ocrx_word' id='word_1_142' title='bbox 986 1240 1028 1278; x_wconf 89' lang='lat' dir='ltr'>et</span> <span class='ocrx_word' id='word_1_143' title='bbox 1057 1250 1154 1290; x_wconf 90' lang='lat' dir='ltr'>pars</span> <span class='ocrx_word' id='word_1_144' title='bbox 1184 1235 1359 1277; x_wconf 89' lang='lat' dir='ltr'>adversa</span> <span class='ocrx_word' id='word_1_145' title='bbox 1379 1250 1478 1277; x_wconf 90' lang='lat' dir='ltr'>eum</span> <span class='ocrx_word' id='word_1_146' title='bbox 1498 1237 1678 1279; x_wconf 88' lang='lat' dir='ltr'>vidisset</span> 
     </span>
     <span class='ocr_line' id='line_1_17' title="bbox 164 1294 1677 1351; baseline -0.001 -13"><span class='ocrx_word' id='word_1_147' title='bbox 164 1296 441 1351; x_wconf 84' lang='lat' dir='ltr'>personaliter</span> <span class='ocrx_word' id='word_1_148' title='bbox 470 1296 521 1338; x_wconf 89' lang='lat' dir='ltr'>ad</span> <span class='ocrx_word' id='word_1_149' title='bbox 553 1296 666 1338; x_wconf 89' lang='lat' dir='ltr'>bella</span> <span class='ocrx_word' id='word_1_150' title='bbox 694 1299 902 1350; x_wconf 90' lang='lat' dir='ltr'>paratum,</span> <span class='ocrx_word' id='word_1_151' title='bbox 933 1308 985 1336; x_wconf 85' lang='lat' dir='ltr'>ex</span> <span class='ocrx_word' id='word_1_152' title='bbox 1017 1295 1105 1336; x_wconf 92' lang='lat' dir='ltr'>sola</span> <span class='ocrx_word' id='word_1_153' title='bbox 1135 1294 1228 1348; x_wconf 84' lang='lat' dir='ltr'>ejus</span> <span class='ocrx_word' id='word_1_154' title='bbox 1259 1294 1423 1335; x_wconf 87' lang='lat' dir='ltr'>visione</span> <span class='ocrx_word' id='word_1_155' title='bbox 1453 1295 1677 1349; x_wconf 84' lang='lat' dir='ltr'>perterriti,</span> 
     </span>
     <span class='ocr_line' id='line_1_18' title="bbox 163 1351 1677 1409; baseline -0.001 -14"><span class='ocrx_word' id='word_1_156' title='bbox 163 1368 309 1396; x_wconf 89' lang='lat' dir='ltr'>omnes</span> <span class='ocrx_word' id='word_1_157' title='bbox 330 1355 377 1395; x_wconf 90' lang='lat' dir='ltr'>in</span> <span class='ocrx_word' id='word_1_158' title='bbox 397 1355 542 1409; x_wconf 86' lang='lat' dir='ltr'>fugam</span> <span class='ocrx_word' id='word_1_159' title='bbox 572 1354 763 1396; x_wconf 87' lang='lat' dir='ltr'>conversi</span> <span class='ocrx_word' id='word_1_160' title='bbox 793 1358 906 1403; x_wconf 90' lang='lat' dir='ltr'>sunt,</span> <span class='ocrx_word' id='word_1_161' title='bbox 928 1356 968 1395; x_wconf 81' lang='lat' dir='ltr'>et</span> <span class='ocrx_word' id='word_1_162' title='bbox 990 1366 1126 1407; x_wconf 88' lang='lat' dir='ltr'>usque</span> <span class='ocrx_word' id='word_1_163' title='bbox 1151 1352 1266 1406; x_wconf 88' lang='lat' dir='ltr'>apud</span> <span class='ocrx_word' id='word_1_164' title='bbox 1286 1353 1320 1393; x_wconf 85' lang='lat' dir='ltr'>F</span> <span class='ocrx_word' id='word_1_165' title='bbox 1322 1351 1396 1394; x_wconf 83' lang='lat' dir='ltr'>ife3</span> <span class='ocrx_word' id='word_1_166' title='bbox 1415 1353 1677 1395; x_wconf 87' lang='lat' dir='ltr'>incessanter</span> 
     </span>
     <span class='ocr_line' id='line_1_19' title="bbox 164 1410 1676 1467; baseline 0 -14"><span class='ocrx_word' id='word_1_167' title='bbox 164 1412 299 1467; x_wconf 82' lang='lat' dir='ltr'>fugati</span> <span class='ocrx_word' id='word_1_168' title='bbox 329 1417 442 1463; x_wconf 89' lang='lat' dir='ltr'>sunt,</span> <span class='ocrx_word' id='word_1_169' title='bbox 462 1426 537 1467; x_wconf 88' lang='lat' dir='ltr'>per</span> <span class='ocrx_word' id='word_1_170' title='bbox 557 1412 619 1454; x_wconf 86' lang='lat' dir='ltr'>xii</span> <span class='ocrx_word' id='word_1_171' title='bbox 649 1413 735 1454; x_wconf 88' lang='lat' dir='ltr'>fere</span> <span class='ocrx_word' id='word_1_172' title='bbox 764 1412 917 1453; x_wconf 89' lang='lat' dir='ltr'>leucas.</span> <span class='ocrx_word' id='word_1_173' title='bbox 977 1411 1077 1465; x_wconf 87' lang='lat' dir='ltr'>Ipse</span> <span class='ocrx_word' id='word_1_174' title='bbox 1107 1424 1217 1460; x_wconf 87' lang='lat' dir='ltr'>vero,</span> <span class='ocrx_word' id='word_1_175' title='bbox 1250 1410 1373 1451; x_wconf 88' lang='lat' dir='ltr'>finita</span> <span class='ocrx_word' id='word_1_176' title='bbox 1402 1411 1514 1465; x_wconf 84' lang='lat' dir='ltr'>fuga,</span> <span class='ocrx_word' id='word_1_177' title='bbox 1534 1415 1676 1453; x_wconf 86' lang='lat' dir='ltr'>totum</span> 
     </span>
     <span class='ocr_line' id='line_1_20' title="bbox 164 1469 1676 1525; baseline -0.001 -13"><span class='ocrx_word' id='word_1_178' title='bbox 164 1471 414 1512; x_wconf 86' lang='lat' dir='ltr'>comitatum</span> <span class='ocrx_word' id='word_1_179' title='bbox 435 1471 486 1512; x_wconf 88' lang='lat' dir='ltr'>de</span> <span class='ocrx_word' id='word_1_180' title='bbox 508 1470 752 1512; x_wconf 87' lang='lat' dir='ltr'>Bouchania</span> <span class='ocrx_word' id='word_1_181' title='bbox 772 1470 870 1525; x_wconf 87' lang='lat' dir='ltr'>igne</span> <span class='ocrx_word' id='word_1_182' title='bbox 885 1469 1162 1524; x_wconf 88' lang='lat' dir='ltr'>consumpsit,</span> <span class='ocrx_word' id='word_1_183' title='bbox 1179 1473 1233 1519; x_wconf 90' lang='lat' dir='ltr'>et,</span> <span class='ocrx_word' id='word_1_184' title='bbox 1249 1469 1386 1523; x_wconf 87' lang='lat' dir='ltr'>captis</span> <span class='ocrx_word' id='word_1_185' title='bbox 1407 1469 1676 1523; x_wconf 88' lang='lat' dir='ltr'>quibusdam,</span> 
     </span>
     <span class='ocr_line' id='line_1_21' title="bbox 163 1527 1677 1583; baseline 0.001 -14"><span class='ocrx_word' id='word_1_186' title='bbox 163 1528 259 1570; x_wconf 88' lang='lat' dir='ltr'>aliis</span> <span class='ocrx_word' id='word_1_187' title='bbox 280 1529 333 1570; x_wconf 90' lang='lat' dir='ltr'>ad</span> <span class='ocrx_word' id='word_1_188' title='bbox 353 1542 501 1583; x_wconf 88' lang='lat' dir='ltr'>pacem</span> <span class='ocrx_word' id='word_1_189' title='bbox 521 1529 714 1583; x_wconf 86' lang='lat' dir='ltr'>receptis,</span> <span class='ocrx_word' id='word_1_190' title='bbox 734 1542 840 1583; x_wconf 88' lang='lat' dir='ltr'>quos</span> <span class='ocrx_word' id='word_1_191' title='bbox 860 1528 999 1569; x_wconf 89' lang='lat' dir='ltr'>voluit</span> <span class='ocrx_word' id='word_1_192' title='bbox 1028 1527 1208 1569; x_wconf 86' lang='lat' dir='ltr'>necavit.</span> <span class='ocrx_word' id='word_1_193' title='bbox 1268 1527 1325 1568; x_wconf 88' lang='lat' dir='ltr'>Et</span> <span class='ocrx_word' id='word_1_194' title='bbox 1355 1527 1592 1569; x_wconf 88' lang='lat' dir='ltr'>notandum</span> <span class='ocrx_word' id='word_1_195' title='bbox 1612 1532 1677 1570; x_wconf 90' lang='lat' dir='ltr'>est</span> 
     </span>
     <span class='ocr_line' id='line_1_22' title="bbox 163 1585 1676 1641; baseline 0 -14"><span class='ocrx_word' id='word_1_196' title='bbox 163 1586 289 1641; x_wconf 86' lang='lat' dir='ltr'>quod,</span> <span class='ocrx_word' id='word_1_197' title='bbox 311 1587 432 1636; x_wconf 90' lang='lat' dir='ltr'>sicut,</span> <span class='ocrx_word' id='word_1_198' title='bbox 454 1600 478 1628; x_wconf 91' lang='lat' dir='ltr'>a</span> <span class='ocrx_word' id='word_1_199' title='bbox 497 1591 686 1641; x_wconf 89' lang='lat' dir='ltr'>tempore</span> <span class='ocrx_word' id='word_1_200' title='bbox 715 1600 903 1628; x_wconf 87' lang='lat' dir='ltr'>recessus</span> <span class='ocrx_word' id='word_1_201' title='bbox 933 1586 1024 1640; x_wconf 86' lang='lat' dir='ltr'>ejus</span> <span class='ocrx_word' id='word_1_202' title='bbox 1046 1599 1099 1627; x_wconf 82' lang='lat' dir='ltr'>ex</span> <span class='ocrx_word' id='word_1_203' title='bbox 1119 1585 1279 1640; x_wconf 84' lang='lat' dir='ltr'>Anglia</span> <span class='ocrx_word' id='word_1_204' title='bbox 1297 1599 1433 1640; x_wconf 90' lang='lat' dir='ltr'>usque</span> <span class='ocrx_word' id='word_1_205' title='bbox 1454 1586 1508 1627; x_wconf 90' lang='lat' dir='ltr'>ad</span> <span class='ocrx_word' id='word_1_206' title='bbox 1538 1587 1676 1641; x_wconf 89' lang='lat' dir='ltr'>capci-</span> 
     </span>
     <span class='ocr_line' id='line_1_23' title="bbox 165 1643 1676 1699; baseline 0.001 -14"><span class='ocrx_word' id='word_1_207' title='bbox 165 1658 289 1686; x_wconf 90' lang='lat' dir='ltr'>onem</span> <span class='ocrx_word' id='word_1_208' title='bbox 311 1644 438 1686; x_wconf 87' lang='lat' dir='ltr'>castri</span> <span class='ocrx_word' id='word_1_209' title='bbox 459 1644 511 1686; x_wconf 92' lang='lat' dir='ltr'>de</span> <span class='ocrx_word' id='word_1_210' title='bbox 533 1644 694 1694; x_wconf 85' lang='lat' dir='ltr'>Carrik,</span> <span class='ocrx_word' id='word_1_211' title='bbox 714 1645 1003 1685; x_wconf 83' lang='lat' dir='ltr'>infortunatus</span> <span class='ocrx_word' id='word_1_212' title='bbox 1024 1643 1207 1684; x_wconf 86' lang='lat' dir='ltr'>nimium</span> <span class='ocrx_word' id='word_1_213' title='bbox 1227 1647 1327 1693; x_wconf 90' lang='lat' dir='ltr'>erat,</span> <span class='ocrx_word' id='word_1_214' title='bbox 1348 1644 1421 1693; x_wconf 91' lang='lat' dir='ltr'>sic,</span> <span class='ocrx_word' id='word_1_215' title='bbox 1441 1657 1466 1685; x_wconf 90' lang='lat' dir='ltr'>a</span> <span class='ocrx_word' id='word_1_216' title='bbox 1486 1648 1676 1699; x_wconf 89' lang='lat' dir='ltr'>tempore</span> 
     </span>
     <span class='ocr_line' id='line_1_24' title="bbox 163 1701 1677 1757; baseline 0.001 -14"><span class='ocrx_word' id='word_1_217' title='bbox 163 1703 288 1744; x_wconf 87' lang='lat' dir='ltr'>istius</span> <span class='ocrx_word' id='word_1_218' title='bbox 305 1702 414 1757; x_wconf 84' lang='lat' dir='ltr'>fugae</span> <span class='ocrx_word' id='word_1_219' title='bbox 431 1702 483 1744; x_wconf 91' lang='lat' dir='ltr'>de</span> <span class='ocrx_word' id='word_1_220' title='bbox 499 1703 752 1757; x_wconf 76' lang='lat' dir='ltr'>Inverrugy4</span> <span class='ocrx_word' id='word_1_221' title='bbox 767 1715 902 1756; x_wconf 87' lang='lat' dir='ltr'>usque</span> <span class='ocrx_word' id='word_1_222' title='bbox 917 1701 972 1743; x_wconf 90' lang='lat' dir='ltr'>ad</span> <span class='ocrx_word' id='word_1_223' title='bbox 992 1701 1120 1742; x_wconf 90' lang='lat' dir='ltr'>finem</span> <span class='ocrx_word' id='word_1_224' title='bbox 1135 1701 1247 1752; x_wconf 79' lang='lat' dir='ltr'>vitae,</span> <span class='ocrx_word' id='word_1_225' title='bbox 1263 1701 1523 1743; x_wconf 86' lang='lat' dir='ltr'>fortunacior</span> <span class='ocrx_word' id='word_1_226' title='bbox 1538 1716 1586 1744; x_wconf 92' lang='lat' dir='ltr'>eo</span> <span class='ocrx_word' id='word_1_227' title='bbox 1602 1703 1677 1744; x_wconf 87' lang='lat' dir='ltr'>vix</span> 
     </span>
     <span class='ocr_line' id='line_1_25' title="bbox 163 1759 1678 1814; baseline 0.001 -13"><span class='ocrx_word' id='word_1_228' title='bbox 163 1760 349 1802; x_wconf 88' lang='lat' dir='ltr'>inveniri</span> <span class='ocrx_word' id='word_1_229' title='bbox 378 1764 553 1814; x_wconf 87' lang='lat' dir='ltr'>poterat.</span> <span class='ocrx_word' id='word_1_230' title='bbox 614 1761 728 1802; x_wconf 86' lang='lat' dir='ltr'>Nam</span> <span class='ocrx_word' id='word_1_231' title='bbox 758 1760 805 1801; x_wconf 91' lang='lat' dir='ltr'>in</span> <span class='ocrx_word' id='word_1_232' title='bbox 835 1759 952 1801; x_wconf 91' lang='lat' dir='ltr'>omni</span> <span class='ocrx_word' id='word_1_233' title='bbox 980 1759 1258 1814; x_wconf 87' lang='lat' dir='ltr'>prosperitate</span> <span class='ocrx_word' id='word_1_234' title='bbox 1290 1759 1490 1814; x_wconf 91' lang='lat' dir='ltr'>deinceps</span> <span class='ocrx_word' id='word_1_235' title='bbox 1529 1765 1678 1814; x_wconf 91' lang='lat' dir='ltr'>postea</span> 
     </span>
     <span class='ocr_line' id='line_1_26' title="bbox 164 1817 1677 1873; baseline 0.001 -14"><span class='ocrx_word' id='word_1_236' title='bbox 164 1818 393 1868; x_wconf 88' lang='lat' dir='ltr'>convaluit,</span> <span class='ocrx_word' id='word_1_237' title='bbox 425 1822 467 1859; x_wconf 90' lang='lat' dir='ltr'>et</span> <span class='ocrx_word' id='word_1_238' title='bbox 497 1818 663 1860; x_wconf 90' lang='lat' dir='ltr'>inimici</span> <span class='ocrx_word' id='word_1_239' title='bbox 692 1819 784 1873; x_wconf 89' lang='lat' dir='ltr'>ejus</span> <span class='ocrx_word' id='word_1_240' title='bbox 814 1817 1017 1859; x_wconf 84' lang='lat' dir='ltr'>diminuti</span> <span class='ocrx_word' id='word_1_241' title='bbox 1053 1821 1166 1867; x_wconf 89' lang='lat' dir='ltr'>sunt,</span> <span class='ocrx_word' id='word_1_242' title='bbox 1197 1817 1443 1859; x_wconf 87' lang='lat' dir='ltr'>deficientes</span> <span class='ocrx_word' id='word_1_243' title='bbox 1474 1819 1677 1872; x_wconf 89' lang='lat' dir='ltr'>quemad-</span> 
     </span>
     <span class='ocr_line' id='line_1_27' title="bbox 164 1875 1678 1927; baseline 0.001 -10"><span class='ocrx_word' id='word_1_244' title='bbox 164 1876 340 1918; x_wconf 91' lang='lat' dir='ltr'>modum</span> <span class='ocrx_word' id='word_1_245' title='bbox 369 1876 514 1918; x_wconf 88' lang='lat' dir='ltr'>fumus</span> <span class='ocrx_word' id='word_1_246' title='bbox 546 1875 773 1918; x_wconf 83' lang='lat' dir='ltr'>deficient.⁵</span> <span class='ocrx_word' id='word_1_247' title='bbox 832 1875 994 1917; x_wconf 90' lang='lat' dir='ltr'>Eodem</span> <span class='ocrx_word' id='word_1_248' title='bbox 1024 1889 1135 1917; x_wconf 90' lang='lat' dir='ltr'>anno</span> <span class='ocrx_word' id='word_1_249' title='bbox 1165 1875 1390 1917; x_wconf 88' lang='lat' dir='ltr'>Donaldus</span> <span class='ocrx_word' id='word_1_250' title='bbox 1421 1875 1473 1916; x_wconf 94' lang='lat' dir='ltr'>de</span> <span class='ocrx_word' id='word_1_251' title='bbox 1504 1876 1678 1927; x_wconf 88' lang='lat' dir='ltr'>Insulis,</span> 
     </span>
     <span class='ocr_line' id='line_1_28' title="bbox 165 1933 1680 1989; baseline 0 -14"><span class='ocrx_word' id='word_1_252' title='bbox 165 1948 262 1975; x_wconf 88' lang='lat' dir='ltr'>cum</span> <span class='ocrx_word' id='word_1_253' title='bbox 278 1948 431 1989; x_wconf 86' lang='lat' dir='ltr'>magna</span> <span class='ocrx_word' id='word_1_254' title='bbox 445 1934 723 1976; x_wconf 82' lang='lat' dir='ltr'>multitudine</span> <span class='ocrx_word' id='word_1_255' title='bbox 739 1938 828 1976; x_wconf 87' lang='lat' dir='ltr'>tam</span> <span class='ocrx_word' id='word_1_256' title='bbox 844 1933 1138 1975; x_wconf 88' lang='lat' dir='ltr'>insulanorum</span> <span class='ocrx_word' id='word_1_257' title='bbox 1154 1947 1283 1988; x_wconf 89' lang='lat' dir='ltr'>quam</span> <span class='ocrx_word' id='word_1_258' title='bbox 1297 1933 1680 1975; x_wconf 73' lang='lat' dir='ltr'>Galowidenciumss</span> 
     </span>
     <span class='ocr_line' id='line_1_29' title="bbox 165 1991 1678 2048; baseline 0.001 -15"><span class='ocrx_word' id='word_1_259' title='bbox 165 2006 213 2033; x_wconf 85' lang='lat' dir='ltr'>ac</span> <span class='ocrx_word' id='word_1_260' title='bbox 234 1992 482 2047; x_wconf 83' lang='lat' dir='ltr'>Anglorum,</span> <span class='ocrx_word' id='word_1_261' title='bbox 503 2006 638 2047; x_wconf 89' lang='lat' dir='ltr'>usque</span> <span class='ocrx_word' id='word_1_262' title='bbox 669 1992 783 2048; x_wconf 89' lang='lat' dir='ltr'>apud</span> <span class='ocrx_word' id='word_1_263' title='bbox 811 1992 973 2033; x_wconf 88' lang='lat' dir='ltr'>flumen</span> <span class='ocrx_word' id='word_1_264' title='bbox 1003 1991 1055 2033; x_wconf 94' lang='lat' dir='ltr'>de</span> <span class='ocrx_word' id='word_1_265' title='bbox 1082 1992 1173 2033; x_wconf 91' lang='lat' dir='ltr'>Dee</span> <span class='ocrx_word' id='word_1_266' title='bbox 1202 2005 1381 2047; x_wconf 83' lang='lat' dir='ltr'>pergens</span> <span class='ocrx_word' id='word_1_267' title='bbox 1402 2005 1500 2033; x_wconf 92' lang='lat' dir='ltr'>cum</span> <span class='ocrx_word' id='word_1_268' title='bbox 1520 2005 1678 2047; x_wconf 86' lang='lat' dir='ltr'>pompa</span> 
     </span>
     <span class='ocr_line' id='line_1_30' title="bbox 165 2049 1678 2105; baseline 0.001 -15"><span class='ocrx_word' id='word_1_269' title='bbox 165 2050 364 2100; x_wconf 83' lang='lat' dir='ltr'>maxima,</span> <span class='ocrx_word' id='word_1_270' title='bbox 383 2056 541 2104; x_wconf 89' lang='lat' dir='ltr'>putans</span> <span class='ocrx_word' id='word_1_271' title='bbox 562 2065 732 2092; x_wconf 90' lang='lat' dir='ltr'>omnem</span> <span class='ocrx_word' id='word_1_272' title='bbox 751 2050 991 2105; x_wconf 88' lang='lat' dir='ltr'>potenciam</span> <span class='ocrx_word' id='word_1_273' title='bbox 1013 2049 1122 2104; x_wconf 87' lang='lat' dir='ltr'>regis</span> <span class='ocrx_word' id='word_1_274' title='bbox 1144 2063 1351 2104; x_wconf 88' lang='lat' dir='ltr'>superare,</span> <span class='ocrx_word' id='word_1_275' title='bbox 1368 2049 1427 2091; x_wconf 84' lang='lat' dir='ltr'>et⁷</span> <span class='ocrx_word' id='word_1_276' title='bbox 1447 2063 1523 2104; x_wconf 89' lang='lat' dir='ltr'>per</span> <span class='ocrx_word' id='word_1_277' title='bbox 1543 2050 1678 2091; x_wconf 90' lang='lat' dir='ltr'>domi—</span> 
     </span>
     <span class='ocr_line' id='line_1_31' title="bbox 165 2108 1678 2163; baseline 0.001 -15"><span class='ocrx_word' id='word_1_278' title='bbox 165 2121 270 2148; x_wconf 89' lang='lat' dir='ltr'>num</span> <span class='ocrx_word' id='word_1_279' title='bbox 300 2108 555 2149; x_wconf 90' lang='lat' dir='ltr'>Edwardum</span> <span class='ocrx_word' id='word_1_280' title='bbox 588 2109 640 2150; x_wconf 93' lang='lat' dir='ltr'>de</span> <span class='ocrx_word' id='word_1_281' title='bbox 670 2109 817 2163; x_wconf 90' lang='lat' dir='ltr'>Broys,</span> <span class='ocrx_word' id='word_1_282' title='bbox 838 2108 1011 2149; x_wconf 89' lang='lat' dir='ltr'>fratrem</span> <span class='ocrx_word' id='word_1_283' title='bbox 1040 2108 1162 2162; x_wconf 84' lang='lat' dir='ltr'>regis,</span> <span class='ocrx_word' id='word_1_284' title='bbox 1182 2108 1342 2150; x_wconf 90' lang='lat' dir='ltr'>ibidem</span> <span class='ocrx_word' id='word_1_285' title='bbox 1373 2108 1569 2149; x_wconf 81' lang='lat' dir='ltr'>deviet-us</span> <span class='ocrx_word' id='word_1_286' title='bbox 1591 2112 1678 2150; x_wconf 83' lang='lat' dir='ltr'>est:</span> 
     </span>
     <span class='ocr_line' id='line_1_32' title="bbox 167 2165 1678 2220; baseline 0.001 -14"><span class='ocrx_word' id='word_1_287' title='bbox 167 2169 210 2206; x_wconf 87' lang='lat' dir='ltr'>et</span> <span class='ocrx_word' id='word_1_288' title='bbox 230 2165 358 2206; x_wconf 90' lang='lat' dir='ltr'>multi</span> <span class='ocrx_word' id='word_1_289' title='bbox 378 2166 505 2208; x_wconf 90' lang='lat' dir='ltr'>occisi</span> <span class='ocrx_word' id='word_1_290' title='bbox 526 2171 637 2217; x_wconf 90' lang='lat' dir='ltr'>sunt,</span> <span class='ocrx_word' id='word_1_291' title='bbox 652 2170 694 2208; x_wconf 91' lang='lat' dir='ltr'>et</span> <span class='ocrx_word' id='word_1_292' title='bbox 712 2166 867 2220; x_wconf 80' lang='lat' dir='ltr'>reliqui</span> <span class='ocrx_word' id='word_1_293' title='bbox 886 2166 933 2206; x_wconf 88' lang='lat' dir='ltr'>in</span> <span class='ocrx_word' id='word_1_294' title='bbox 948 2166 1092 2220; x_wconf 86' lang='lat' dir='ltr'>fugam</span> <span class='ocrx_word' id='word_1_295' title='bbox 1109 2166 1311 2207; x_wconf 87' lang='lat' dir='ltr'>conversi.</span> <span class='ocrx_word' id='word_1_296' title='bbox 1374 2166 1428 2206; x_wconf 91' lang='lat' dir='ltr'>In</span> <span class='ocrx_word' id='word_1_297' title='bbox 1445 2165 1558 2207; x_wconf 88' lang='lat' dir='ltr'>dicto</span> <span class='ocrx_word' id='word_1_298' title='bbox 1578 2180 1678 2208; x_wconf 86' lang='lat' dir='ltr'>vero</span> 
     </span>
     <span class='ocr_line' id='line_1_33' title="bbox 164 2223 1678 2279; baseline 0.001 -14"><span class='ocrx_word' id='word_1_299' title='bbox 164 2223 277 2264; x_wconf 89' lang='lat' dir='ltr'>bello</span> <span class='ocrx_word' id='word_1_300' title='bbox 308 2224 461 2265; x_wconf 87' lang='lat' dir='ltr'>cecidit</span> <span class='ocrx_word' id='word_1_301' title='bbox 492 2224 702 2279; x_wconf 91' lang='lat' dir='ltr'>[quidam]</span> <span class='ocrx_word' id='word_1_302' title='bbox 734 2223 1031 2265; x_wconf 86' lang='lat' dir='ltr'>Rotholandus</span> <span class='ocrx_word' id='word_1_303' title='bbox 1062 2223 1113 2265; x_wconf 94' lang='lat' dir='ltr'>de</span> <span class='ocrx_word' id='word_1_304' title='bbox 1142 2223 1381 2273; x_wconf 80' lang='lat' dir='ltr'>Galwidia,⁸</span> <span class='ocrx_word' id='word_1_305' title='bbox 1400 2237 1498 2264; x_wconf 92' lang='lat' dir='ltr'>cum</span> <span class='ocrx_word' id='word_1_306' title='bbox 1528 2224 1678 2266; x_wconf 89' lang='lat' dir='ltr'>multis</span> 
     </span>
     <span class='ocr_line' id='line_1_34' title="bbox 166 2281 1679 2337; baseline 0.001 -15"><span class='ocrx_word' id='word_1_307' title='bbox 166 2282 284 2323; x_wconf 89' lang='lat' dir='ltr'>illius</span> <span class='ocrx_word' id='word_1_308' title='bbox 314 2282 463 2336; x_wconf 87' lang='lat' dir='ltr'>patriae</span> <span class='ocrx_word' id='word_1_309' title='bbox 493 2281 722 2331; x_wconf 87' lang='lat' dir='ltr'>nobilibus,</span> <span class='ocrx_word' id='word_1_310' title='bbox 752 2295 800 2322; x_wconf 88' lang='lat' dir='ltr'>ac</span> <span class='ocrx_word' id='word_1_311' title='bbox 830 2281 1068 2335; x_wconf 75' lang='lat' dir='ltr'>Aug-lorum</span> <span class='ocrx_word' id='word_1_312' title='bbox 1098 2284 1139 2322; x_wconf 86' lang='lat' dir='ltr'>et</span> <span class='ocrx_word' id='word_1_313' title='bbox 1176 2281 1422 2322; x_wconf 84' lang='lat' dir='ltr'>Insularum</span> <span class='ocrx_word' id='word_1_314' title='bbox 1452 2281 1499 2322; x_wconf 91' lang='lat' dir='ltr'>in</span> <span class='ocrx_word' id='word_1_315' title='bbox 1524 2295 1679 2337; x_wconf 85' lang='lat' dir='ltr'>magna</span> 
     </span>
     <span class='ocr_line' id='line_1_35' title="bbox 166 2338 1678 2394; baseline 0 -13"><span class='ocrx_word' id='word_1_316' title='bbox 166 2339 431 2394; x_wconf 85' lang='lat' dir='ltr'>quantitate;</span> <span class='ocrx_word' id='word_1_317' title='bbox 465 2353 513 2380; x_wconf 89' lang='lat' dir='ltr'>ac</span> <span class='ocrx_word' id='word_1_318' title='bbox 543 2339 677 2380; x_wconf 88' lang='lat' dir='ltr'>eciam</span> <span class='ocrx_word' id='word_1_319' title='bbox 707 2339 871 2380; x_wconf 89' lang='lat' dir='ltr'>dictum</span> <span class='ocrx_word' id='word_1_320' title='bbox 901 2338 1144 2380; x_wconf 88' lang='lat' dir='ltr'>Donaldum</span> <span class='ocrx_word' id='word_1_321' title='bbox 1176 2338 1411 2393; x_wconf 85' lang='lat' dir='ltr'>fugientem</span> <span class='ocrx_word' id='word_1_322' title='bbox 1446 2340 1678 2394; x_wconf 87' lang='lat' dir='ltr'>apprehen-</span> 
     </span>
     <span class='ocr_line' id='line_1_36' title="bbox 165 2396 1679 2450; baseline 0.001 -11"><span class='ocrx_word' id='word_1_323' title='bbox 165 2397 301 2447; x_wconf 80' lang='lat' dir='ltr'>dens,9</span> <span class='ocrx_word' id='word_1_324' title='bbox 329 2398 376 2438; x_wconf 92' lang='lat' dir='ltr'>in</span> <span class='ocrx_word' id='word_1_325' title='bbox 410 2397 646 2439; x_wconf 89' lang='lat' dir='ltr'>carceribus</span> <span class='ocrx_word' id='word_1_326' title='bbox 676 2396 880 2448; x_wconf 88' lang='lat' dir='ltr'>detrusit;</span> <span class='ocrx_word' id='word_1_327' title='bbox 916 2399 958 2437; x_wconf 84' lang='lat' dir='ltr'>et</span> <span class='ocrx_word' id='word_1_328' title='bbox 991 2396 1175 2450; x_wconf 89' lang='lat' dir='ltr'>patriam</span> <span class='ocrx_word' id='word_1_329' title='bbox 1209 2410 1330 2438; x_wconf 88' lang='lat' dir='ltr'>suam</span> <span class='ocrx_word' id='word_1_330' title='bbox 1362 2397 1602 2439; x_wconf 89' lang='lat' dir='ltr'>invadendo</span> <span class='ocrx_word' id='word_1_331' title='bbox 1635 2403 1679 2441; x_wconf 91' lang='lat' dir='ltr'>et</span> 
     </span>
     <span class='ocr_line' id='line_1_37' title="bbox 166 2454 1679 2511; baseline 0.001 -15"><span class='ocrx_word' id='word_1_332' title='bbox 166 2456 450 2497; x_wconf 88' lang='lat' dir='ltr'>comburendo</span> <span class='ocrx_word' id='word_1_333' title='bbox 485 2455 706 2497; x_wconf 87' lang='lat' dir='ltr'>destruxit.</span> <span class='ocrx_word' id='word_1_334' title='bbox 765 2454 937 2496; x_wconf 90' lang='lat' dir='ltr'>Accidit</span> <span class='ocrx_word' id='word_1_335' title='bbox 957 2457 1101 2495; x_wconf 85' lang='lat' dir='ltr'>autem</span> <span class='ocrx_word' id='word_1_336' title='bbox 1130 2454 1177 2495; x_wconf 90' lang='lat' dir='ltr'>in</span> <span class='ocrx_word' id='word_1_337' title='bbox 1204 2454 1312 2496; x_wconf 86' lang='lat' dir='ltr'>festo</span> <span class='ocrx_word' id='word_1_338' title='bbox 1332 2455 1552 2497; x_wconf 87' lang='lat' dir='ltr'>beatorum</span> <span class='ocrx_word' id='word_1_339' title='bbox 1579 2470 1679 2511; x_wconf 90' lang='lat' dir='ltr'>apo-</span> 
     </span>
     <span class='ocr_line' id='line_1_38' title="bbox 167 2512 1677 2569; baseline 0.001 -14"><span class='ocrx_word' id='word_1_340' title='bbox 167 2513 371 2555; x_wconf 86' lang='lat' dir='ltr'>stolorum</span> <span class='ocrx_word' id='word_1_341' title='bbox 401 2513 518 2555; x_wconf 90' lang='lat' dir='ltr'>Petri</span> <span class='ocrx_word' id='word_1_342' title='bbox 550 2517 592 2554; x_wconf 91' lang='lat' dir='ltr'>et</span> <span class='ocrx_word' id='word_1_343' title='bbox 627 2512 751 2554; x_wconf 88' lang='lat' dir='ltr'>Pauli</span> <span class='ocrx_word' id='word_1_344' title='bbox 783 2512 931 2554; x_wconf 91' lang='lat' dir='ltr'>eodem</span> <span class='ocrx_word' id='word_1_345' title='bbox 963 2526 1086 2562; x_wconf 89' lang='lat' dir='ltr'>anno,</span> <span class='ocrx_word' id='word_1_346' title='bbox 1120 2512 1232 2554; x_wconf 86' lang='lat' dir='ltr'>infra</span> <span class='ocrx_word' id='word_1_347' title='bbox 1264 2516 1433 2555; x_wconf 88' lang='lat' dir='ltr'>octavas</span> <span class='ocrx_word' id='word_1_348' title='bbox 1468 2513 1677 2569; x_wconf 90' lang='lat' dir='ltr'>Assump-</span> 
     </span>
     <span class='ocr_line' id='line_1_39' title="bbox 166 2569 1678 2626; baseline 0.001 -13"><span class='ocrx_word' id='word_1_349' title='bbox 166 2571 335 2613; x_wconf 82' lang='lat' dir='ltr'>cionis1⁰</span> <span class='ocrx_word' id='word_1_350' title='bbox 348 2572 491 2613; x_wconf 85' lang='lat' dir='ltr'>Beatae</span> <span class='ocrx_word' id='word_1_351' title='bbox 511 2570 714 2626; x_wconf 85' lang='lat' dir='ltr'>Virginis,</span> <span class='ocrx_word' id='word_1_352' title='bbox 734 2570 848 2612; x_wconf 91' lang='lat' dir='ltr'>idem</span> <span class='ocrx_word' id='word_1_353' title='bbox 869 2584 944 2612; x_wconf 85' lang='lat' dir='ltr'>rex</span> <span class='ocrx_word' id='word_1_354' title='bbox 963 2569 1274 2625; x_wconf 85' lang='lat' dir='ltr'>Argadiensis¹1</span> <span class='ocrx_word' id='word_1_355' title='bbox 1294 2571 1463 2622; x_wconf 87' lang='lat' dir='ltr'>devicit,</span> <span class='ocrx_word' id='word_1_356' title='bbox 1480 2575 1522 2614; x_wconf 91' lang='lat' dir='ltr'>et</span> <span class='ocrx_word' id='word_1_357' title='bbox 1542 2576 1678 2614; x_wconf 86' lang='lat' dir='ltr'>totam</span> 
     </span>
     <span class='ocr_line' id='line_1_40' title="bbox 165 2628 1680 2685; baseline 0.001 -14"><span class='ocrx_word' id='word_1_358' title='bbox 165 2633 321 2671; x_wconf 86' lang='lat' dir='ltr'>terram</span> <span class='ocrx_word' id='word_1_359' title='bbox 341 2629 423 2671; x_wconf 89' lang='lat' dir='ltr'>sibi</span> <span class='ocrx_word' id='word_1_360' title='bbox 444 2629 634 2684; x_wconf 82' lang='lat' dir='ltr'>subegit3</span> <span class='ocrx_word' id='word_1_361' title='bbox 663 2629 899 2683; x_wconf 88' lang='lat' dir='ltr'>ducemque</span> <span class='ocrx_word' id='word_1_362' title='bbox 919 2642 1076 2679; x_wconf 90' lang='lat' dir='ltr'>eorum,</span> <span class='ocrx_word' id='word_1_363' title='bbox 1095 2628 1386 2670; x_wconf 85' lang='lat' dir='ltr'>Alexandrum</span> <span class='ocrx_word' id='word_1_364' title='bbox 1410 2629 1461 2671; x_wconf 88' lang='lat' dir='ltr'>de</span> <span class='ocrx_word' id='word_1_365' title='bbox 1480 2630 1680 2685; x_wconf 85' lang='lat' dir='ltr'>Argadia,</span> 
     </span>
    </p>
   </div>
   <div class='ocr_carea' id='block_1_3' title="bbox 230 2744 1617 2978">
    <p class='ocr_par' dir='ltr' id='par_1_3' title="bbox 230 2744 1506 2791">
     <span class='ocr_line' id='line_1_41' title="bbox 230 2744 1506 2791; baseline 0 -10"><span class='ocrx_word' id='word_1_366' title='bbox 230 2747 243 2769; x_wconf 78' lang='lat'>1</span> <span class='ocrx_word' id='word_1_367' title='bbox 263 2749 300 2781; x_wconf 91' lang='lat' dir='ltr'>C.</span> <span class='ocrx_word' id='word_1_368' title='bbox 318 2749 359 2782; x_wconf 84' lang='lat' dir='ltr'>E.</span> <span class='ocrx_word' id='word_1_369' title='bbox 378 2748 585 2790; x_wconf 87' lang='lat' dir='ltr'>Inneroury.</span> <span class='ocrx_word' id='word_1_370' title='bbox 636 2747 679 2780; x_wconf 91' lang='lat' dir='ltr'>D.</span> <span class='ocrx_word' id='word_1_371' title='bbox 700 2747 888 2790; x_wconf 86' lang='lat' dir='ltr'>Innerugy.</span> <span class='ocrx_word' id='word_1_372' title='bbox 1163 2744 1177 2767; x_wconf 84' lang='lat'><strong>²</strong></span> <span class='ocrx_word' id='word_1_373' title='bbox 1195 2747 1232 2780; x_wconf 85' lang='lat' dir='ltr'>O.</span> <span class='ocrx_word' id='word_1_374' title='bbox 1254 2747 1295 2780; x_wconf 84' lang='lat' dir='ltr'>E.</span> <span class='ocrx_word' id='word_1_375' title='bbox 1317 2751 1506 2791; x_wconf 86' lang='lat' dir='ltr'>apponent.</span> 
     </span>
    </p>

    <p class='ocr_par' dir='ltr' id='par_1_4' title="bbox 233 2793 1349 2838">
     <span class='ocr_line' id='line_1_42' title="bbox 233 2793 1349 2838; baseline -0.001 -10"><span class='ocrx_word' id='word_1_376' title='bbox 233 2794 246 2816; x_wconf 83' lang='lat'>³</span> <span class='ocrx_word' id='word_1_377' title='bbox 264 2796 301 2828; x_wconf 85' lang='lat' dir='ltr'>C.</span> <span class='ocrx_word' id='word_1_378' title='bbox 319 2796 359 2828; x_wconf 84' lang='lat' dir='ltr'>E.</span> <span class='ocrx_word' id='word_1_379' title='bbox 378 2806 489 2838; x_wconf 87' lang='lat' dir='ltr'>usque</span> <span class='ocrx_word' id='word_1_380' title='bbox 505 2795 551 2827; x_wconf 87' lang='lat' dir='ltr'>ad</span> <span class='ocrx_word' id='word_1_381' title='bbox 567 2794 673 2837; x_wconf 85' lang='lat' dir='ltr'>Fyve.</span> <span class='ocrx_word' id='word_1_382' title='bbox 723 2794 765 2826; x_wconf 90' lang='lat' dir='ltr'>D.</span> <span class='ocrx_word' id='word_1_383' title='bbox 786 2794 892 2836; x_wconf 88' lang='lat' dir='ltr'>wae</span> <span class='ocrx_word' id='word_1_384' title='bbox 910 2793 1037 2826; x_wconf 70' lang='lat' dir='ltr'>altered</span> <span class='ocrx_word' id='word_1_385' title='bbox 1055 2794 1141 2827; x_wconf 75' lang='lat' dir='ltr'>later</span> <span class='ocrx_word' id='word_1_386' title='bbox 1154 2795 1246 2835; x_wconf 79' lang='lat' dir='ltr'>from</span> <span class='ocrx_word' id='word_1_387' title='bbox 1262 2794 1349 2828; x_wconf 80' lang='lat' dir='ltr'>Fife.</span> 
     </span>
    </p>

    <p class='ocr_par' dir='ltr' id='par_1_5' title="bbox 232 2840 1571 2884">
     <span class='ocr_line' id='line_1_43' title="bbox 232 2840 1571 2884; baseline -0.001 -9"><span class='ocrx_word' id='word_1_388' title='bbox 232 2840 246 2862; x_wconf 79' lang='lat'>4</span> <span class='ocrx_word' id='word_1_389' title='bbox 263 2843 300 2875; x_wconf 82' lang='lat' dir='ltr'>O.</span> <span class='ocrx_word' id='word_1_390' title='bbox 322 2842 362 2875; x_wconf 86' lang='lat' dir='ltr'>E.</span> <span class='ocrx_word' id='word_1_391' title='bbox 383 2842 611 2875; x_wconf 85' lang='lat' dir='ltr'>denneroure.</span> <span class='ocrx_word' id='word_1_392' title='bbox 661 2841 704 2875; x_wconf 89' lang='lat' dir='ltr'>D.</span> <span class='ocrx_word' id='word_1_393' title='bbox 724 2841 768 2874; x_wconf 87' lang='lat' dir='ltr'>de</span> <span class='ocrx_word' id='word_1_394' title='bbox 787 2841 1015 2884; x_wconf 80' lang='lat' dir='ltr'>Innerrougy.</span> <span class='ocrx_word' id='word_1_395' title='bbox 1159 2840 1174 2861; x_wconf 81' lang='lat'>⁵</span> <span class='ocrx_word' id='word_1_396' title='bbox 1192 2841 1229 2874; x_wconf 85' lang='lat' dir='ltr'>B.</span> <span class='ocrx_word' id='word_1_397' title='bbox 1250 2841 1287 2874; x_wconf 86' lang='lat' dir='ltr'>C.</span> <span class='ocrx_word' id='word_1_398' title='bbox 1305 2842 1346 2875; x_wconf 93' lang='lat' dir='ltr'>D.</span> <span class='ocrx_word' id='word_1_399' title='bbox 1365 2842 1404 2874; x_wconf 81' lang='lat' dir='ltr'>E.</span> <span class='ocrx_word' id='word_1_400' title='bbox 1424 2841 1571 2874; x_wconf 84' lang='lat' dir='ltr'>deficiet.</span> 
     </span>
    </p>

    <p class='ocr_par' dir='ltr' id='par_1_6' title="bbox 233 2886 1446 2922">
     <span class='ocr_line' id='line_1_44' title="bbox 233 2886 1446 2922; baseline -0.002 0"><span class='ocrx_word' id='word_1_401' title='bbox 233 2888 248 2909; x_wconf 83' lang='lat'>⁰</span> <span class='ocrx_word' id='word_1_402' title='bbox 265 2889 301 2922; x_wconf 83' lang='lat' dir='ltr'>C.</span> <span class='ocrx_word' id='word_1_403' title='bbox 322 2889 363 2922; x_wconf 90' lang='lat' dir='ltr'>E.</span> <span class='ocrx_word' id='word_1_404' title='bbox 386 2888 732 2922; x_wconf 81' lang='lat' dir='ltr'>Galouwidieneium.</span> <span class='ocrx_word' id='word_1_405' title='bbox 1159 2886 1172 2909; x_wconf 83' lang='lat'>⁷</span> <span class='ocrx_word' id='word_1_406' title='bbox 1190 2889 1227 2921; x_wconf 84' lang='lat' dir='ltr'>O.</span> <span class='ocrx_word' id='word_1_407' title='bbox 1247 2889 1287 2921; x_wconf 85' lang='lat' dir='ltr'>E.</span> <span class='ocrx_word' id='word_1_408' title='bbox 1301 2890 1381 2921; x_wconf 78' lang='lat' dir='ltr'>omit</span> <span class='ocrx_word' id='word_1_409' title='bbox 1399 2891 1446 2920; x_wconf 88' lang='lat' dir='ltr'>et.</span> 
     </span>
    </p>

    <p class='ocr_par' dir='ltr' id='par_1_7' title="bbox 232 2933 1617 2978">
     <span class='ocr_line' id='line_1_45' title="bbox 232 2933 1617 2978; baseline 0.001 -11"><span class='ocrx_word' id='word_1_410' title='bbox 232 2934 245 2955; x_wconf 78' lang='lat'>⁸</span> <span class='ocrx_word' id='word_1_411' title='bbox 264 2936 298 2968; x_wconf 79' lang='lat' dir='ltr'>O.</span> <span class='ocrx_word' id='word_1_412' title='bbox 318 2936 358 2968; x_wconf 88' lang='lat' dir='ltr'>E.</span> <span class='ocrx_word' id='word_1_413' title='bbox 373 2935 613 2969; x_wconf 83' lang='lat' dir='ltr'>Galouwedia.</span> <span class='ocrx_word' id='word_1_414' title='bbox 662 2935 705 2968; x_wconf 91' lang='lat' dir='ltr'>D.</span> <span class='ocrx_word' id='word_1_415' title='bbox 724 2934 959 2969; x_wconf 77' lang='lat' dir='ltr'>Galouwidea.</span> <span class='ocrx_word' id='word_1_416' title='bbox 1162 2933 1177 2955; x_wconf 81' lang='lat'><strong>⁹</strong></span> <span class='ocrx_word' id='word_1_417' title='bbox 1195 2935 1231 2968; x_wconf 90' lang='lat' dir='ltr'>C.</span> <span class='ocrx_word' id='word_1_418' title='bbox 1251 2935 1290 2968; x_wconf 88' lang='lat' dir='ltr'>E.</span> <span class='ocrx_word' id='word_1_419' title='bbox 1310 2935 1617 2978; x_wconf 82' lang='lat' dir='ltr'>comprehendens.</span> 
     </span>
    </p>
   </div>
   <div class='ocr_carea' id='block_1_4' title="bbox 219 2981 1663 3025">
    <p class='ocr_par' dir='ltr' id='par_1_8' title="bbox 219 2981 1663 3025">
     <span class='ocr_line' id='line_1_46' title="bbox 219 2981 1663 3025; baseline 0.001 -11"><span class='ocrx_word' id='word_1_420' title='bbox 219 2982 246 3002; x_wconf 78' lang='lat'>¹⁴¹</span> <span class='ocrx_word' id='word_1_421' title='bbox 265 2983 525 3025; x_wconf 80' lang='lat' dir='ltr'>Assumpcionis</span> <span class='ocrx_word' id='word_1_422' title='bbox 543 2984 578 3015; x_wconf 78' lang='lat' dir='ltr'>in</span> <span class='ocrx_word' id='word_1_423' title='bbox 594 2983 729 3024; x_wconf 62' lang='lat' dir='ltr'>margin</span> <span class='ocrx_word' id='word_1_424' title='bbox 748 2983 842 3016; x_wconf 70' lang='lat' dir='ltr'>later.</span> <span class='ocrx_word' id='word_1_425' title='bbox 1151 2981 1177 3002; x_wconf 69' lang='grc' dir='ltr'>Π</span> <span class='ocrx_word' id='word_1_426' title='bbox 1196 2983 1234 3015; x_wconf 85' lang='grc' dir='ltr'>Β.</span> <span class='ocrx_word' id='word_1_427' title='bbox 1254 2983 1280 3015; x_wconf 82' lang='lat' dir='ltr'>O</span> <span class='ocrx_word' id='word_1_428' title='bbox 1298 2982 1340 3015; x_wconf 90' lang='lat' dir='ltr'>D.</span> <span class='ocrx_word' id='word_1_429' title='bbox 1361 2983 1399 3016; x_wconf 86' lang='grc' dir='ltr'>Ε.</span> <span class='ocrx_word' id='word_1_430' title='bbox 1419 2982 1663 3025; x_wconf 76' lang='lat' dir='ltr'>ArgadicnseS.</span> 
     </span>
    </p>
   </div>
  </div>
 </body>
</html>
