2014 3354
623 318 843 349 APPENDIX
861 317 915 350 ΤΟ
937 317 1139 349 PREFAGE.
1494 304 1632 347 XXXiX

116 424 319 480 Sequitur
338 423 390 467 de
410 423 676 466 successione
695 424 805 480 regis
825 423 1009 480 Eugenii
1028 422 1171 479 quarti
1191 425 1234 465 et
1253 421 1437 478 Eugenii
1457 421 1601 477 quinti
1620 437 1630 473 ;

232 494 276 533 et
296 490 463 533 Sanctis
484 489 720 532 Cuthberto
745 494 789 533 et
808 489 1076 533 Adamnano.
1194 486 1451 543 OEapitnlnm
1471 486 1566 532 xlii.

118 606 320 662 Sequitur
339 606 391 649 de
411 607 676 649 successione
694 605 952 648 Aurikeleth
973 609 1016 648 et
1035 606 1072 661 ej
1079 619 1127 648 us
1143 607 1279 647 morte
1296 619 1307 656 ;
1337 607 1381 646 et
1401 603 1455 646 de
1476 604 1632 646 Sancto

235 673 449 716 Chiliiano
470 673 595 716 Scoto
615 676 659 715 et
679 672 902 728 discipulis
921 672 1052 715 illius.
1200 669 1457 726 OEapitulnnt
1475 668 1591 713 xliii.

120 791 322 847 Sequitur
341 790 394 834 de
417 790 681 834 successione
701 790 884 847 Eugenii
913 789 1026 833 sexti
1046 792 1090 833 et
1110 789 1312 832 Mur-daci
1332 792 1376 831 et
1405 791 1523 831 statu
1542 788 1635 830 Bri-

235 858 364 900 taniae
383 871 432 900 eo
451 862 654 912 tempore.
1200 854 1455 910 Qtspitulum
1474 854 1608 899 xliiii.

123 974 325 1030 Sequitur
354 973 406 1016 de
435 973 697 1016 successione
726 986 874 1029 regum
902 973 1080 1028 Ethfyn,
1099 973 1283 1029 Eugenii
1312 973 1402 1015 sive
1423 973 1637 1016 Mectame

238 1043 282 1082 et
300 1040 504 1096 Fergusii‚
524 1043 566 1082 et
587 1039 640 1082 de
661 1053 738 1082 sua
758 1042 894 1082 morte
913 1053 989 1095 per
1008 1039 1211 1095 reginam.

1203 1103 1458 1159 capitulum
1477 1105 1562 1151 xlh.

127 1214 328 1270 Sequitur
361 1213 414 1257 de
449 1206 713 1256 successione
748 1212 991 1256 Selwalchii
1026 1212 1135 1269 regis
1175 1216 1219 1255 et
1254 1213 1306 1255 de
1345 1226 1441 1268 rege
1476 1213 1638 1255 Karolo

243 1294 406 1336 magno.
1203 1277 1459 1333 OEapitulum
1477 1277 1581 1322 xlni.

129 1388 331 1444 Sequitur
359 1387 411 1430 de
441 1388 706 1430 successione
726 1387 872 1443 Athay
891 1387 1073 1443 primam
1103 1386 1507 1429 confoederacionem
1540 1400 1640 1429 cum

243 1455 419 1497 Francis
439 1454 632 1506 faciente,
648 1458 691 1497 et
711 1454 763 1496 de
779 1454 917 1496 causis
939 1453 1130 1509 ejusdem
1147 1469 1170 1506 3⁷
1186 1456 1229 1496 et
1248 1453 1301 1495 de
1322 1453 1487 1509 egregio
1502 1453 1642 1495 miJite

246 1521 406 1564 Scottis
428 1520 620 1576 Gssmyn,
640 1520 714 1563 the
734 1520 844 1576 gude
865 1533 966 1562 man
985 1520 1033 1562 of
1049 1519 1190 1562 armis.

1206 1583 1461 1641 OEapitnlnm
1479 1584 1601 1629 xlhii.

319 1679 403 1714 Poat
420 1679 575 1724 quinque
589 1679 754 1723 (Fordun,
766 1690 801 1724 p.
818 1679 896 1720 133,
915 1678 939 1713 1.
958 1680 993 1721 5)
1007 1679 1076 1713 hoec
1092 1678 1216 1712 addita
1231 1683 1308 1713 sunt
1322 1678 1523 1712 s—Dicitur
1535 1678 1645 1712 eciam

366 1735 404 1769 in
420 1736 571 1779 quadam
588 1735 726 1769 cronica
749 1735 844 1779 quod
860 1735 946 1779 ipsa,
962 1737 1044 1768 ante
1060 1737 1210 1768 mortem
1235 1735 1324 1778 eius,
1340 1734 1431 1768 filios
1447 1735 1536 1768 duos
1559 1734 1647 1768 dicti

366 1791 430 1824 filii
446 1791 501 1825 sui
517 1791 751 1832 Constantini,
770 1802 814 1825 ne
837 1791 924 1835 quid
940 1790 1025 1824 mali
1041 1792 1165 1824 contra
1189 1801 1266 1824 eam
1282 1790 1535 1831 machinarent,
1554 1790 1647 1824 simi-

367 1846 450 1880 liter
465 1846 676 1880 exoculavit.

321 1902 404 1936 Post
421 1903 547 1936 Scotus
566 1901 621 1948 (ib.
638 1902 662 1936 1.
685 1901 741 1947 15)
761 1901 893 1936 Scottis
909 1901 1055 1945 Gilmyn
1073 1900 1224 1935 additur.

138 2000 340 2056 Sequitur
369 1999 422 2042 de
452 2000 623 2042 nunciis
653 1999 792 2042 Scotis
827 1999 881 2041 ad
910 1998 1123 2041 Karolum
1157 1998 1367 2054 Magnum
1397 1998 1540 2041 missis
1574 2012 1651 2054 pro

253 2067 401 2110 eadem
421 2066 782 2110 confoederacione
802 2065 1020 2108 firmanda.
1220 2064 1475 2119 &situlum
1493 2064 1632 2110 xlniii.

141 2175 343 2232 Sequitur
390 2175 444 2218 de
492 2175 727 2217 execranda
760 2174 1150 2217 Northumbrorum
1192 2174 1437 2229 prodicione
1476 2174 1524 2216 in
1563 2174 1652 2217 suis

254 2242 434 2297 regibus,
455 2241 558 2283 adeo
579 2241 693 2296 quod
713 2241 861 2283 nullus
881 2241 1057 2283 auderet
1076 2240 1294 2295 imperare.

1220 2304 1476 2361 capitulum
1494 2305 1598 2351 xlix.

145 2417 346 2473 Sequitur
375 2417 428 2460 de
458 2417 669 2473 principio
701 2416 834 2459 studii
868 2414 1131 2466 Parisiensis,
1163 2417 1207 2458 et
1235 2429 1261 2457 a
1290 2415 1446 2471 quibus
1475 2415 1655 2459 inicium

258 2483 423 2537 habuit,
444 2484 524 2526 viZ.
546 2497 571 2525 a
591 2483 741 2535 Scotis,
761 2486 811 2525 ut
830 2482 1005 2538 patebit.
1224 2480 1481 2536 Qtapitnlnm
1500 2481 1531 2526 l.

147 2591 349 2647 Sequitur
369 2591 421 2634 de
441 2590 619 2646 imperio
639 2589 791 2632 Karoli
810 2589 972 2646 Magni,
990 2593 1033 2632 et
1053 2589 1106 2632 de
1126 2590 1218 2645 ejus
1238 2589 1327 2632 filio
1343 2590 1558 2634 Ludovico
1575 2607 1586 2644 ;
1614 2595 1658 2634 et

263 2659 316 2701 de
332 2658 557 2709 Clodoveo,
577 2661 621 2700 et
640 2657 693 2699 de
712 2671 860 2713 regum
874 2657 1132 2699 Francorum
1152 2657 1418 2700 successione
1438 2657 1493 2699 ad
1512 2657 1657 2714 ipsum

262 2725 474 2767 Karolum
494 2724 770 2767 ascendendo.
1227 2722 1482 2777 OEapitulum
1501 2723 1549 2767 li.

151 2833 353 2890 Sequitur
391 2832 444 2876 de
479 2832 742 2876 successione
776 2845 923 2888 regum
959 2831 1115 2875 Scociae
1150 2831 1349 2874 Conualli
1377 2834 1421 2874 et
1454 2832 1661 2888 Dongalli

264 2899 559 2943 resuscitantis
593 2898 758 2942 bellum
792 2899 840 2941 in
874 2898 1018 2941 Pictos
1058 2897 1134 2940 diu
1174 2898 1363 2953 sopitum
1396 2899 1660 2954 temporibus

216 3022 220 3027 .
263 2966 503 3009 transactis.
1227 2963 1484 3019 OEapiiuhtm
1503 2963 1570 3010 lii.
