2008 3360
358 300 438 338 130
831 312 957 342 LIBER
976 311 1331 344 PLUSCARDENSIS.

350 412 478 455 curiae
491 412 689 469 Angliae,1
709 428 804 469 quae
823 415 1011 469 superior
1030 415 1146 457 curia
1165 419 1240 466 est,
1256 415 1487 458 secundm
1506 416 1656 459 falsam
1675 430 1844 473 sugges-

349 470 510 513 tionem
528 471 764 527 Anglorum
783 472 904 526 regis,
923 476 967 514 et
984 472 1032 513 in
1061 486 1145 527 qua
1164 472 1216 515 de
1244 486 1371 528 regno
1391 473 1538 528 agitur.
1600 475 1722 526 Quod
1742 477 1779 517 si
1798 476 1845 516 in

350 528 468 570 curia
485 528 733 584 Anglicana,
749 529 906 583 quoad
925 534 1064 584 partes
1083 530 1212 581 illius,
1227 530 1274 572 in
1287 531 1502 585 praemisso
1518 544 1618 573 casu
1630 532 1701 574 vel
1715 533 1846 574 simili

349 585 470 627 nulla
483 587 742 628 consuetudo
756 587 1009 638 inveniatur,
1020 601 1228 630 recurrere
1242 593 1382 643 potest
1396 602 1469 630 rex
1483 588 1649 643 Angliae
1663 590 1717 631 ad
1730 591 1847 632 viam

343 643 454 698 juris
474 644 632 698 scripti,
648 644 717 686 vel
735 644 788 687 de
808 644 984 686 consilio
1002 646 1170 700 parium
1189 646 1315 688 curiae
1335 659 1431 697 suae,
1447 660 1612 688 necnon
1629 660 1847 701 procerum

349 705 394 742 et
412 706 659 756 magnatum
677 706 797 744 terrae
817 715 916 752 suae,
935 706 979 745 et
997 702 1134 758 legem
1162 717 1317 745 novam
1341 703 1518 746 condere
1547 704 1702 758 poterit
1721 718 1847 760 super

348 757 428 799 hoc
448 771 559 809 casu,
579 763 622 801 et
642 759 930 802 consimilibus
951 761 1117 803 casibus
1137 761 1341 804 inauditis
1361 766 1404 803 et
1423 762 1476 803 ab
1496 766 1620 803 antea
1634 775 1720 803 non
1739 762 1846 804 acci-

347 815 557 859 dentibus.
607 816 821 859 Dominus
833 831 932 860 vero
944 818 1125 861 Thomas
1141 819 1193 861 de
1204 819 1405 861 Welland
1418 819 1523 861 dicit
1542 818 1666 873 quod,
1678 819 1763 861 nisi
1774 819 1846 862 lex

347 876 391 914 et
410 874 669 916 consuetudo
698 875 745 917 in
774 888 875 918 casu
893 877 1109 930 praemisso
1128 876 1198 918 vel
1218 876 1431 918 consimili
1449 890 1646 931 expressa
1665 881 1776 919 esset
1801 877 1847 919 in

346 943 474 985 regno
488 931 719 983 Scotorum,
731 946 814 988 quo
826 933 880 975 ad
895 934 1201 976 successionem
1215 935 1344 989 regni,
1357 948 1526 976 causam
1537 934 1664 976 istam
1677 937 1848 989 reputat

346 989 518 1031 omnino
539 989 724 1033 similem
743 990 988 1046 hujusmodi
1014 992 1131 1034 casui
1150 992 1202 1034 de
1222 992 1425 1034 comitatu
1444 991 1515 1034 vel
1535 992 1587 1034 de
1606 992 1789 1043 baronia,
1809 992 1848 1034 si

347 1046 592 1102 contigerit²
620 1047 668 1089 in
694 1062 821 1104 regno
843 1049 1038 1104 Angliae:
1081 1063 1181 1092 nam
1210 1063 1387 1105 regnum
1417 1049 1584 1099 Scociae,
1614 1049 1847 1091 secundum

345 1108 511 1158 partem
530 1104 761 1156 adversam,
781 1111 950 1149 tenetur
974 1107 1022 1149 in
1044 1107 1215 1149 feodum
1235 1107 1288 1149 de
1316 1120 1443 1162 regno
1463 1107 1629 1162 Angliae
1657 1121 1732 1162 pro
1762 1121 1846 1149 ser-

344 1161 468 1212 vicio,
501 1162 614 1205 sicut
646 1164 873 1206 comitatus
901 1163 971 1206 vel
999 1165 1173 1206 baronia
1201 1165 1248 1206 in
1277 1178 1403 1220 regno
1432 1163 1630 1220 Angliae.³
1688 1164 1782 1215 Sed,
1809 1164 1847 1207 si

344 1219 570 1262 comitatus
584 1220 655 1263 vel
669 1221 842 1263 baronia
855 1222 904 1263 in
918 1235 1045 1277 regno
1059 1222 1227 1277 Angliae
1241 1222 1461 1264 incidisset
1472 1223 1519 1263 in
1530 1222 1644 1264 hunc
1659 1222 1845 1273 modum,

343 1276 419 1319 ille
438 1277 514 1332 qui
533 1277 602 1320 dc⁴
621 1292 759 1321 sorore
777 1279 1056 1335 primogenita
1074 1280 1344 1335 processisset
1363 1293 1518 1321 nomen
1537 1284 1581 1321 et
1594 1279 1846 1334 dignitatem

343 1333 459 1376 solus
478 1336 699 1390 optineret,
718 1341 762 1379 et
780 1336 826 1378 id
849 1337 963 1392 quod
981 1337 1297 1393 principali[u]s
1317 1342 1427 1379 esset
1446 1337 1499 1379 (10
1519 1337 1733 1388 comitatu,
1755 1337 1845 1379 sive

342 1396 539 1443 castrum,
559 1393 648 1436 sive
667 1393 751 1436 alia
768 1395 986 1449 possessio,
1005 1395 1139 1437 eciam
1158 1395 1392 1450 optineret:
1421 1394 1496 1436 alii
1514 1399 1670 1446 tamen,
1689 1394 1765 1449 qui
1791 1408 1845 1436 ex

342 1448 438 1491 aliis
477 1451 687 1494 sororibus
734 1452 1046 1507 processissent,
1084 1453 1186 1507 quia
1232 1466 1378 1494 omnes
1426 1465 1595 1504 sorores,
1636 1456 1846 1507 quotquot

340 1506 528 1558 fuerint,⁵
546 1522 682 1550 unum
700 1508 898 1552 heredem
917 1510 985 1552 sui
1012 1511 1143 1565 patris
1169 1514 1482 1565 repraesentant,
1501 1510 1554 1552 de
1573 1514 1663 1551 tota
1682 1509 1846 1551 heredi-

340 1567 441 1615 tate,
461 1565 514 1607 de
547 1579 633 1621 qua
665 1566 814 1621 agitur,
844 1580 942 1609 suas
975 1572 1115 1622 partes
1149 1567 1302 1609 habere
1335 1567 1501 1610 debent.
1559 1567 1617 1608 Et
1642 1567 1716 1617 010,
1744 1566 1846 1609 licet

341 1622 373 1663 J
374 1621 560 1665 ohannes
598 1623 651 1665 de
690 1623 882 1675 Balliolo,
920 1625 1087 1667 racione
1120 1624 1500 1680 primaegeniturae,⁶
1527 1638 1682 1666 nomen
1720 1624 1845 1679 regiae

341 1678 564 1734 dignitatis
593 1680 706 1723 solus
736 1680 888 1724 habere
917 1682 1079 1733 debeat,
1099 1696 1147 1724 ac
1173 1683 1307 1725 eciam
1335 1681 1675 1737 principaliorem
1702 1681 1845 1723 locum

340 1737 459 1791 regni
488 1738 655 1789 Scociae,
675 1739 765 1781 sive
794 1739 852 1781 sit
881 1739 1044 1790 civitas,
1074 1744 1270 1790 castrum,
1298 1740 1369 1782 vel
1396 1739 1636 1795 palacium
1664 1739 1844 1781 nichilo-

340 1794 483 1836 minus
509 1800 664 1846 tamen,
685 1796 786 1851 quia
810 1797 902 1851 ipse
930 1798 960 1840 J
962 1797 1147 1839 ohannes
1177 1797 1229 1840 de
1255 1797 1447 1848 Balliolo,
1473 1797 1680 1838 Robertus
1709 1796 1844 1838 eciam

340 1851 394 1894 de
422 1852 569 1908 Broys,
598 1857 641 1896 et
659 1854 690 1896 J
691 1853 877 1896 ohannes
907 1854 961 1897 de
981 1855 1214 1910 Hastingis,
1235 1868 1288 1897 ex
1317 1855 1452 1897 tribus
1481 1854 1649 1896 filiabus
1674 1854 1842 1895 comitis

339 1909 485 1952 David
502 1916 805 1965 processerunt,
820 1925 918 1954 cum
932 1912 1104 1954 fuerunt
1123 1926 1268 1955 omnes
1287 1916 1372 1954 tres
1392 1911 1477 1953 nisi
1494 1914 1842 1966 repraesentantes

339 1981 477 2010 unum
503 1968 702 2011 heredem
731 1969 837 2011 dicti
865 1970 1044 2020 comitis,
1072 1970 1127 2011 ad
1155 1983 1283 2024 quem
1310 1967 1393 2011 sic⁷
1422 1968 1716 2011 reformatum8
1735 1968 1842 2010 dicti

338 2025 459 2080 regni
496 2026 550 2068 de
578 2027 674 2081 jure
707 2026 907 2069 advenire
940 2027 1101 2078 debeat,
1130 2026 1270 2069 dictus
1304 2027 1511 2069 Robertus
1545 2026 1598 2068 de
1627 2027 1762 2080 Broys
1797 2030 1842 2068 et

339 2083 370 2125 J
372 2083 558 2126 ohannes
598 2084 821 2140 Hastingis
850 2089 991 2139 partes
1034 2098 1131 2127 suas
1168 2084 1321 2127 habere
1361 2084 1516 2127 debent
1554 2083 1607 2126 de
1645 2083 1842 2126 omnibus

337 2141 673 2194 possessionibus
701 2141 756 2184 ad
785 2155 926 2197 regem
955 2142 1111 2185 Scociae
1138 2142 1488 2197 qualitercunque
1520 2141 1842 2197 pertinentibus.

341 2198 457 2248 Quas
476 2203 616 2254 partes
642 2203 785 2242 tenere
811 2200 967 2242 debent
993 2199 1046 2242 de
1064 2213 1159 2255 rege
1178 2199 1355 2255 Angliae,
1374 2203 1579 2255 tanquam
1598 2199 1650 2241 de
1670 2198 1842 2240 domino

340 2256 564 2310 superiore,
579 2257 628 2300 ,01
650 2271 750 2299 vera
777 2261 888 2300 esset
906 2257 1071 2308 relacio,
1091 2262 1134 2300 et
1153 2271 1240 2299 non
1268 2258 1322 2300 ab
1350 2257 1446 2307 alic,
1466 2261 1509 2299 et
1527 2256 1607 2298 hoc
1631 2256 1692 2298 ita
1710 2256 1841 2298 libere

339 2313 451 2355 sicut
465 2314 571 2356 alter
582 2319 701 2358 tenet
711 2314 945 2370 principale
952 2331 963 2367 ;
982 2329 1059 2358 nec
1071 2315 1162 2370 ipse
1175 2314 1244 2358 de⁹
1256 2314 1436 2357 Balliolo
1448 2314 1611 2369 aliquid
1625 2313 1679 2355 ad
1690 2312 1839 2367 regali-

339 2373 473 2412 tatem
486 2372 701 2426 pertinens
715 2373 763 2415 in
777 2386 922 2415 eorum
935 2373 1126 2428 partibus
1142 2373 1351 2415 exercebit
1365 2388 1374 2414 :
1397 2376 1440 2415 et
1453 2371 1543 2414 haec
1563 2373 1673 2413 esset
1686 2383 1839 2425 magna

340 2427 507 2470 utilitas
527 2433 571 2471 et
589 2430 791 2472 securitas
821 2430 984 2472 domini
1012 2431 1247 2486 superioris.
1307 2430 1420 2473 Item
1447 2442 1546 2471 cum
1573 2427 1839 2483 quaerebatur

339 2484 394 2526 ab
425 2498 486 2536 eo,
519 2486 558 2528 si
595 2487 792 2529 dominus
822 2488 1031 2530 Robertus
1065 2488 1118 2530 de
1156 2489 1291 2543 Broys
1320 2488 1368 2529 in
1395 2486 1604 2542 peticione
1635 2498 1721 2535 sua,
1753 2498 1839 2539 qua

338 2546 478 2584 totum
495 2543 607 2598 petit
623 2558 811 2599 regnum,
830 2558 880 2587 eo
905 2545 1019 2599 quod
1046 2545 1321 2600 propinquior
1348 2544 1405 2586 sit
1431 2544 1479 2585 in
1505 2542 1647 2598 gradu,
1674 2546 1838 2583 contra-

338 2599 451 2641 rium
485 2600 696 2654 judicium
729 2606 969 2657 reportaret,
998 2601 1251 2657 nuncquid1⁰
1278 2605 1424 2657 postea
1451 2600 1585 2655 possit
1616 2598 1751 2641 redire
1782 2599 1837 2641 ad

338 2657 582 2712 petendum,
599 2658 766 2701 racione
780 2659 1006 2713 praemissa‚
1019 2664 1183 2714 partem
1201 2673 1332 2709 suam,
1346 2657 1460 2700 viZ.11
1479 2656 1593 2712 quod
1606 2660 1741 2699 mater
1760 2670 1838 2698 sua

402 2816 415 2837 ¹
432 2817 471 2850 B.
490 2816 527 2850 G.
546 2816 585 2849 E.
607 2815 815 2859 Anglicanae.
1024 2814 1038 2836 2
1054 2816 1093 2848 B.
1115 2816 1152 2849 O.
1170 2815 1209 2848 E.
1228 2815 1455 2858 contingeret.
1505 2814 1547 2848 D.
1567 2814 1787 2857 contingerit.

402 2863 417 2885 3
433 2864 471 2896 B.
490 2865 585 2896 omits
601 2862 882 2906 sicut—Angliae.
1025 2860 1040 2882 ⁴
1057 2862 1094 2895 C.
1113 2864 1208 2895 omits
1224 2862 1276 2895 de.
1325 2862 1365 2895 E.
1384 2872 1436 2894 ex,
1579 2859 1594 2881 ⁵
1613 2862 1648 2894 B.
1668 2860 1817 2893 fuerant.

401 2909 416 2931 ⁶
432 2911 470 2943 B.
488 2910 524 2943 C.
543 2909 585 2942 D.
602 2910 642 2942 E.
660 2909 951 2954 primogeniturae.
1025 2907 1039 2931 ⁷
1056 2909 1094 2943 B.
1113 2910 1168 2942 sit.
1334 2906 1349 2928 ⁸
1365 2907 1504 2941 Alter-ed
1510 2908 1609 2949 from
1624 2907 1822 2940 reformato,

401 2957 416 2979 ¹³
432 2959 470 2990 B.
488 2957 512 2990 J
514 2956 667 2989 ohannes
683 2956 735 2990 de.
818 2955 847 2978 ¹⁰
862 2957 901 2990 B.
913 2967 1121 2999 nuncquam.
1172 2956 1213 2990 D.
1229 2955 1409 2999 numquid.
1492 2953 1520 2976 1²
1537 2955 1573 2988 C.
1585 2955 1624 2988 Ε.
1635 2955 1708 2988 add
1724 2965 1766 2988 ex
1783 2964 1832 2986 eo.
