2014 3354
643 303 861 334 APPENDIX
881 304 933 335 To
955 304 1155 336 PREFACE.
1525 295 1665 337 xxxiii

153 407 354 462 Sequitur
374 407 425 450 de
445 408 581 463 primo
602 412 722 451 motu
743 409 1019 452 discensionis
1040 411 1152 454 inter
1167 411 1314 454 Scotos
1335 415 1379 454 et
1394 411 1538 454 Pictos
1558 415 1666 453 tem-

266 487 367 529 pore
386 474 650 517 Dioclesiani
670 476 740 518 vel
760 480 859 519 ante
879 482 1034 519 exortae
1054 477 1289 533 paululum.

1170 543 1425 598 OEapitnlum
1445 542 1601 587 xxxhii.

152 656 355 712 Sequitur
375 658 426 700 de
457 657 742 700 convencione
764 658 955 700 Caransii
975 659 1087 701 facta
1114 674 1210 702 cum
1234 659 1370 702 Scotis
1390 663 1434 702 et
1455 660 1600 711 Pictis,
1622 663 1665 702 et

264 724 402 779 prima
422 725 632 780 ejeccione
652 725 942 767 Romanorum
962 726 1014 768 de
1034 727 1235 769 Britania.

1173 792 1430 847 OEapitnlum
1450 792 1626 837 xxxhiii.

148 906 352 962 Sequitur
371 908 423 949 de
443 908 726 950 ratificacione
746 907 1045 950 convencionis
1066 909 1256 963 ejusdem
1278 909 1470 952 Caransii
1490 910 1662 952 foederis

260 975 373 1016 inter
400 974 619 1016 insulanos
648 975 794 1017 Scotos
825 978 868 1016 et
896 975 1093 1018 Britones
1124 981 1167 1018 et
1196 977 1339 1019 Pictos
1366 978 1486 1029 inito,
1506 978 1663 1034 imper-

259 1044 439 1095 petuum
460 1041 671 1083 duraturo.
1171 1042 1426 1097 OEapituium
1446 1044 1584 1088 xxxix.

146 1158 346 1213 Sequitur
366 1158 417 1200 de
437 1158 674 1214 prodiciosa
693 1164 828 1202 morte
850 1160 1041 1202 Caransii
1068 1174 1143 1215 per
1163 1174 1289 1202 suum
1320 1161 1523 1205 dilectum
1545 1164 1659 1206 mili-

258 1229 358 1275 tem,
379 1228 422 1266 et
451 1226 542 1280 ejus
573 1225 627 1267 ad
656 1225 875 1267 insulanos
906 1225 1204 1269 exhortacione
1224 1241 1300 1269 seu
1330 1228 1534 1279 doctrina,
1556 1244 1658 1284 quo-

257 1291 382 1333 modo
404 1291 456 1333 de
476 1292 679 1334 Romanis
699 1292 770 1334 vel
790 1292 1117 1348 quibuscunque
1142 1294 1303 1336 caeteris
1334 1295 1658 1338 adversantibus

256 1358 550 1400 transmarinis
571 1372 736 1414 semper
756 1372 801 1400 se
822 1358 1104 1401 defenderent.
1167 1358 1422 1414 OEapiinlum
1442 1361 1498 1405 xl.

328 1451 410 1484 Post
426 1451 597 1484 Adiectus
616 1451 669 1492 (ἱό.
690 1462 722 1494 p.
738 1452 793 1491 69,
808 1450 829 1485 l.
846 1451 903 1492 37)
921 1450 990 1484 koec
1007 1453 1134 1484 inserta
1149 1456 1229 1485 sunt
1240 1452 1456 1496 .·—pr0ditor
1472 1453 1559 1496 ejus.

327 1508 410 1542 Post
426 1507 621 1541 subsidium
639 1508 693 1549 (ib.
715 1508 774 1541 lin.
792 1508 865 1548 ult.)
884 1508 953 1541 koee
965 1508 1227 1541 .·—Britonibus
1245 1509 1413 1544 Canusii.

141 1613 343 1669 Sequitur
373 1613 425 1656 de
455 1614 718 1656 successione
750 1613 927 1655 Gallarii
957 1618 1000 1656 et
1031 1614 1278 1656 Constancii
1306 1615 1592 1670 Imperatoris,
1613 1620 1657 1658 et

253 1680 366 1723 bello
388 1680 659 1723 Constantini
680 1685 827 1722 contra
848 1679 994 1723 Scotos
1016 1684 1059 1722 et
1080 1681 1275 1724 Britones
1296 1682 1554 1724 Albanensis
1574 1699 1584 1735 ;
1613 1688 1658 1725 et

254 1746 306 1789 de
336 1747 599 1789 successione
630 1747 781 1802 Magni
803 1747 1075 1789 Constantini
1098 1748 1383 1803 Imperatoris,
1414 1752 1457 1791 et
1486 1749 1538 1792 de
1564 1750 1656 1805 ejus

253 1815 463 1858 avunculo
485 1814 703 1857 Thraherii
724 1829 799 1871 per
819 1815 965 1858 Scotos
986 1820 1030 1858 et
1051 1815 1246 1857 Britones
1268 1815 1435 1858 occiso.1

1160 1881 1418 1936 ‹Kapitnlnm
1439 1881 1514 1926 xli.

140 1992 341 2048 Sequitur
361 1991 475 2047 quod
496 1991 700 2034 Octovius
730 2005 805 2034 rex
826 1991 1054 2033 Britonum
1074 1990 1302 2046 tripharias
1323 1991 1475 2033 insulae
1494 1994 1655 2046 genteS‚

251 2059 330 2101 viz.
353 2059 511 2108 Scotos,
533 2058 728 2100 Britones
759 2062 802 2100 et
823 2058 977 2109 Pictos,
1000 2058 1053 2099 ad
1083 2058 1295 2100 unitatem
1320 2057 1439 2112 pacis
1469 2057 1655 2108 reduxit,

250 2128 301 2166 ut
330 2124 432 2166 olim
462 2124 564 2167 fecit
586 2124 846 2173 Caransiu83
877 2127 921 2166 et
956 2124 1009 2166 de
1042 2123 1307 2167 successione
1338 2123 1521 2165 filiorum
1542 2124 1654 2167 Con-

251 2191 433 2233 staneii.²
1156 2188 1411 2244 OEapiinlnm
1431 2188 1526 2234 xlii.

138 2301 340 2356 Sequitur
360 2299 474 2355 quod
495 2299 707 2349 Conanus,
728 2312 860 2354 nepos
881 2298 1064 2349 Octovii,
1085 2298 1231 2341 Scotos
1252 2298 1395 2341 Pictos
1415 2299 1471 2341 ad
1491 2299 1652 2342 bellan-

251 2367 355 2408 dum
396 2366 577 2408 duxerat
617 2369 763 2407 contra
805 2369 1038 2420 tyrannum
1082 2364 1337 2415 Maximum,
1379 2365 1650 2408 Constantini

252 2433 403 2488 Magni
433 2431 802 2487 consanguinium,
823 2430 901 2485 qui
921 2430 1143 2473 Maximus
1163 2431 1449 2486 postmodum,
1465 2432 1652 2476 similata

249 2514 364 2556 pace,
386 2500 530 2542 Pictos
551 2503 595 2541 et
616 2498 764 2541 Scotos
785 2497 940 2540 callide
961 2498 1182 2553 seperavit.

1152 2572 1409 2628 OEapitnlnm
1430 2572 1543 2617 xliii.

135 2666 335 2722 Sequitur
374 2665 488 2721 quod
522 2665 719 2707 Britones
752 2678 849 2707 eum
885 2664 1030 2715 Pictis,
1061 2664 1168 2707 duce
1204 2665 1410 2717 Maximo,
1443 2666 1590 2709 Scotos
1624 2681 1648 2708 a

246 2746 373 2789 regno
393 2732 646 2788 dejecerunt.
1151 2730 1407 2785 OEapitnlnm
1428 2731 1561 2776 xliiii.

178 2859 189 2880 ¹
207 2859 292 2892 This
308 2858 388 2892 title
404 2858 435 2891 is
450 2858 551 2891 made
568 2869 616 2901 up
633 2858 669 2891 of
685 2862 756 2891 two
774 2858 811 2891 of
827 2858 997 2891 Fordun’s
1015 2859 1121 2891 titles.

178 2906 191 2927 2
208 2906 291 2939 This
316 2904 539 2944 is,Fordun's
563 2904 642 2939 title
666 2908 704 2939 to
729 2906 790 2939 the
815 2905 1023 2950 succeeding
1050 2904 1221 2950 chapter-5
1247 2905 1316 2940 and
1345 2918 1383 2940 so
1410 2918 1452 2939 on
1479 2907 1582 2940 down
1609 2910 1646 2940 to

130 2954 229 2997 chap.
245 2957 373 2987 xnvi’n.
