2008 3360
756 315 881 346 LIBER
901 315 1056 348 NONUS.
1156 329 1161 335 ·
1587 309 1608 346 2
1616 309 1637 345 5
1645 308 1668 345 3

158 420 422 463 sanctissime
442 423 564 476 pater
583 424 626 463 et
647 421 827 472 domine,
848 435 897 464 ac
918 435 971 463 ex
992 421 1265 476 antiquorum
1285 421 1415 476 gestis
1436 423 1479 463 et
1499 420 1668 475 scriptis

158 479 409 535 colligimus,
430 479 555 534 quod,
575 480 687 522 inter
707 483 877 522 caeteras
897 480 1095 522 naciones
1116 480 1312 534 egregias,
1332 478 1494 521 nostra1
1515 492 1546 521 s.
1570 479 1669 520 Sco-

157 541 299 579 torum
329 538 450 579 nacio
470 538 619 579 multis
640 538 860 592 praeconiis
891 538 944 579 ab
964 537 1093 579 inicio
1120 538 1258 580 fuerat
1286 538 1501 592 insignita.
1563 537 1668 587 Quae

158 595 210 637 de
232 596 405 637 Graeciae
425 596 581 637 finibus
612 596 809 637 similiter
829 599 871 637 et
890 596 1057 650 AEgipti
1080 609 1155 650 per
1183 609 1298 637 mare
1317 596 1532 649 Tyrenum
1562 595 1669 636 citra

156 653 363 695 Affricam
391 657 433 695 et
463 653 710 708 columpnas
732 654 931 695 Herculis
960 654 1171 695 transiens
1200 653 1247 694 in
1268 653 1535 707 Hispaniam,
1555 652 1670 694 inter

156 711 435 753 ferocissimas
469 715 616 766 gentes
651 725 726 766 per
764 711 902 753 multa
936 715 1177 766 temporum
1217 711 1427 753 curricula
1465 710 1667 761 residens,

157 783 402 823 nuncquam
417 774 583 824 poterat
603 783 630 820 a
647 769 987 824 quibuscumque
1007 770 1235 811 barbaricis
1259 770 1457 825 gentibus
1478 782 1669 823 quoquo-

155 827 281 868 modo
303 827 519 882 subjugari
535 843 545 879 ;
574 827 769 882 indeque,
789 831 886 881 post
907 827 1044 869 multa
1063 831 1265 882 tempora,
1282 841 1311 869 s.
1332 827 1451 868 mille
1472 827 1667 868 ducentis

157 885 292 935 annis,
312 889 409 939 post
438 885 666 926 transitum
695 886 843 939 populi
864 885 1089 927 Israelitici
1117 899 1193 940 per
1213 886 1334 927 Mare
1359 885 1563 934 Rubrum,
1584 884 1668 926 sibi

156 943 275 996 sedes
304 943 351 984 in
380 943 598 984 occidente
627 957 732 997 quas
763 943 816 984 ad
845 942 930 984 huc
960 947 1150 997 occupat,
1180 943 1368 997 expulsis
1398 943 1548 984 multis
1577 943 1668 984 bar-

154 1001 304 1042 barisis
325 1006 472 1054 gentes
493 1000 552 1042 et2
566 1001 775 1051 naciones,
796 1001 959 1055 magnis
982 1001 1196 1042 laboribus
1218 1001 1447 1055 optinuit:3
1476 1000 1667 1054 expulsis

155 1059 292 1113 primo
313 1058 571 1108 Britonibus,
595 1062 639 1099 et
659 1058 792 1100 Pictis
823 1058 995 1100 omnino
1026 1059 1190 1109 deletis,
1209 1059 1311 1100 licet
1339 1073 1415 1113 per
1434 1059 1477 1100 N
1479 1072 1666 1100 orowua-

155 1117 325 1171 gensis}
344 1115 496 1158 Datos⁵
517 1120 560 1158 et
579 1116 780 1170 Anglicos
811 1116 1042 1171 saepissime
1069 1117 1206 1158 fuerat
1236 1117 1496 1172 impugnata,
1516 1116 1666 1158 multis

153 1179 298 1215 tamen
328 1173 517 1216 victoriis
554 1178 596 1215 et
628 1174 842 1216 laboribus
874 1188 1005 1229 quam
1043 1174 1240 1229 plurimis
1275 1174 1514 1229 acquisivit,
1551 1175 1668 1229 ipsas

154 1231 339 1286 quoque⁶
354 1232 406 1273 ab
420 1231 537 1273 omni
557 1232 774 1274 servitutis
791 1232 893 1287 jugo
914 1232 1067 1274 liberas
1089 1246 1255 1287 semper
1273 1233 1426 1274 tenuit.
1486 1232 1541 1273 In
1561 1246 1666 1286 quo-

153 1304 249 1330 rum
280 1303 407 1344 regno
438 1293 611 1332 centum
631 1290 710 1331 xiii
729 1304 846 1345 reges
868 1290 919 1332 de
940 1290 1138 1345 quorum⁷
1166 1290 1296 1345 regali
1315 1290 1522 1345 prosapia,
1544 1290 1664 1332 nullo

153 1347 462 1390 interveniente
503 1347 750 1403 alienigena,
789 1352 1083 1403 regnaverunt,
1116 1362 1296 1403 quorum
1335 1348 1581 1389 nobilitates
1622 1351 1665 1390 et

153 1406 314 1456 merita,
335 1405 436 1447 licet
466 1420 518 1448 ex
539 1406 634 1448 aliis
656 1419 743 1447 non
763 1406 981 1457 clarerent,
1003 1407 1107 1448 satis
1127 1410 1323 1462 patenter
1352 1405 1589 1461 effulgient8
1608 1419 1663 1447 ex

153 1476 201 1505 eo
222 1463 336 1518 quod
357 1464 449 1505 Rex
469 1478 615 1519 regum
635 1467 678 1506 et
698 1464 910 1506 Dominus
935 1464 1253 1506 dominancium
1274 1464 1433 1506 Jhesus
1455 1463 1663 1515 Christus,

152 1525 278 1575 prout
298 1521 466 1576 passus9
485 1525 581 1576 post
609 1522 851 1576 passionem
881 1536 1002 1564 suam
1023 1526 1065 1564 et
1086 1523 1451 1572 resurreccionem,
1471 1522 1586 1577 ipsos
1616 1522 1663 1563 in

154 1578 319 1620 ultimis
340 1579 497 1621 finibus
518 1580 670 1621 mundi
701 1580 954 1622 constitutos
986 1581 1108 1635 quasi
1128 1581 1287 1635 primos
1318 1580 1372 1622 ad
1393 1594 1514 1622 suam
1534 1580 1663 1622 fidem

153 1637 477 1687 sanctissimam,
508 1651 585 1679 nec
614 1638 782 1679 eosdem
801 1652 876 1692 per
896 1638 1130 1693 quemlibet
1151 1639 1198 1679 in
1218 1652 1295 1680 sua
1315 1638 1397 1680 fide
1422 1637 1663 1679 confirmari

152 1694 301 1745 voluit,
329 1695 403 1736 sed
432 1709 507 1749 per
533 1709 659 1736 suum
691 1696 877 1749 primum
907 1696 1146 1750 apostolum
1175 1695 1446 1746 vocacione,1⁰
1465 1696 1662 1750 quamvis

153 1753 298 1794 ordine
320 1753 553 1794 secundum
573 1753 644 1794 vel
673 1752 897 1803 tercium,11
919 1759 1114 1795 sanctum
1134 1753 1361 1804 Andream,
1384 1753 1661 1795 mitissimum

151 1810 267 1851 beati
298 1810 414 1851 Petri
447 1825 707 1865 germanum,
739 1825 867 1865 quem
903 1825 1069 1866 semper
1102 1812 1207 1866 ipsis
1237 1825 1415 1866 praeesse
1445 1811 1583 1852 voluit
1612 1815 1663 1852 ut

150 1871 387 1922 patronum.
433 1869 539 1910 Haec
560 1873 702 1910 autem
725 1869 984 1911 sanctissimi
1003 1873 1156 1924 patres,
1177 1869 1502 1924 praedecessores
1519 1869 1662 1919 vestri,

151 1926 316 1968 solicita
345 1931 488 1968 mente
517 1932 754 1981 pensantes,
784 1927 927 1982 ipsum
956 1941 1134 1982 regnum
1159 1932 1200 1969 et
1228 1928 1447 1982 populum,
1467 1931 1517 1968 ut
1546 1927 1661 1968 beati

151 1984 266 2025 Petri
295 1984 510 2038 peculium
538 1985 739 2039 germani,
768 1985 918 2027 multis
948 1986 1163 2027 favoribus
1195 1990 1237 2027 et
1266 1985 1500 2040 privilegiis
1531 1998 1660 2039 quam

150 2041 344 2095 pluribus
373 2043 642 2084 munierunt:
671 2043 733 2084 ita
753 2043 911 2098 quippe
932 2043 1046 2098 quod
1075 2057 1177 2098 gens
1198 2048 1340 2085 nostra
1361 2044 1440 2084 sub
1470 2043 1660 2097 ipsorum

150 2100 414 2152 proteccione
435 2100 634 2142 hattenus
655 2101 873 2142 liberum¹2
892 2101 1038 2156 deguit
1058 2105 1100 2143 et
1121 2102 1275 2156 quieta,
1296 2101 1429 2143 donec
1449 2101 1523 2142 ille
1543 2100 1660 2155 prin-

151 2170 250 2210 ceps
280 2157 499 2207 malificus,
532 2172 607 2199 rex
641 2159 810 2213 Angliae
840 2159 1087 2208 Edwardus,
1121 2163 1241 2214 pater
1272 2159 1395 2200 istius
1427 2172 1542 2200 nunc
1573 2172 1659 2212 reg—

150 2214 303 2265 nantis,
320 2229 496 2269 regnum
511 2220 703 2257 nostrum
719 2216 979 2271 acephalum,
995 2217 1156 2258 nullius
1172 2216 1276 2257 mali
1292 2217 1380 2258 doli
1396 2215 1660 2267 conscium,13

149 2272 274 2314 bellis
295 2277 339 2314 et
358 2273 590 2314 insultibus
610 2274 866 2315 militaribus
887 2274 1173 2316 consuetum14
1193 2289 1246 2316 ex
1265 2274 1529 2329 longinqua15
1543 2288 1660 2329 pace,

147 2331 226 2371 sub
248 2330 373 2372 amici
394 2335 435 2371 et
451 2331 725 2372 confoederati
746 2331 884 2385 specie
900 2332 1218 2373 inimicabiliter
1233 2332 1465 2374 infestavit.
1522 2333 1656 2386 Cujus

146 2388 337 2442 injurias,
355 2388 488 2430 caedes
509 2392 552 2429 et
572 2388 812 2439 violencias,
827 2389 1023 2431 incendia
1044 2389 1120 2431 et16
1134 2390 1430 2444 praedaciones‚
1447 2403 1494 2432 ac
1509 2390 1658 2445 praela-

210 2549 221 2571 1

211 2596 224 2617 2
240 2550 278 2630 (Ο).
296 2550 339 2630 II}
354 2552 501 2630 2253&
553 2596 593 2629 D.
611 2597 674 2629 has
686 2596 801 2640 gentis
818 2596 944 2629 altered
960 2600 992 2628 to
1008 2598 1142 2640 gentes,
1161 2597 1232 2630 and
1249 2598 1284 2629 et
1302 2596 1488 2631 interlined.

211 2643 225 2664 ³
242 2644 278 2677 C.
298 2645 337 2676 E.
356 2645 429 2676 add
445 2644 562 2677 eciam.
614 2644 655 2676 D.
675 2644 763 2675 adds
780 2646 845 2676 etc.

210 2689 224 2711 ‘²
242 2691 279 2723 B.
299 2691 606 2734 Norowu‘tgenses.
659 2691 696 2723 O.
715 2691 755 2723 E.
776 2690 1072 2733 Norowagienses.
1122 2691 1165 2723 D.
1185 2691 1508 2734 Norouwagienses.

210 2736 224 2758 ⁶
241 2738 279 2771 G.
300 2738 339 2770 E.
360 2738 483 2771 Dacos.
674 2736 689 2758 θ
707 2738 743 2770 O.
764 2738 802 2770 E.
821 2738 992 2780 ipsasque.
1230 2737 1243 2760 7
1262 2738 1299 2771 O.
1320 2739 1361 2770 D.
1381 2739 1420 2771 E.
1440 2738 1605 2780 ipsorum.

209 2783 223 2805 8
240 2785 277 2818 B.
298 2785 473 2828 effulgent.
675 2783 689 2804 ⁹
706 2785 742 2817 O.
765 2785 801 2817 E.
816 2786 894 2817 omit
912 2795 1044 2826 passus.
1093 2785 1135 2818 D.
1152 2785 1214 2817 has
1226 2796 1349 2828 passus
1365 2785 1480 2818 scored
1498 2784 1651 2826 througslz.

194 2830 222 2852 ¹0
240 2832 274 2864 C.
295 2832 486 2864 vaeacione.
662 2830 689 2852 11
706 2832 748 2864 D.
767 2832 828 2864 has
846 2832 903 2864 vel
920 2832 1069 2864 tercium
1086 2833 1247 2874 smudyed
1264 2836 1328 2864 out.

196 2877 223 2898 ¹²
239 2878 276 2910 B.
297 2879 333 2911 C.
353 2879 393 2911 E.
410 2879 528 2912 libera.
1217 2878 1244 2900 13
1262 2880 1297 2913 O.
1317 2879 1354 2912 E.
1375 2878 1555 2911 consciam.

194 2923 222 2945 ¹4
240 2925 276 2957 B.
299 2926 341 2958 D.
359 2926 610 2959 inconsuetum.
663 2926 700 2960 O.
719 2926 758 2960 E.
778 2926 814 2959 in
833 2928 1052 2960 consuetum.

196 2969 224 2992 ¹⁵
242 2972 278 3005 B.
298 2972 334 3005 O.
351 2973 392 3006 D.
411 2973 450 3008 E.
469 2973 635 3016 longaeva.
1218 2971 1245 2993 ¹⁰
1263 2973 1299 3006 O.
1319 2973 1358 3005 E.
1378 2973 1460 3005 omit
1478 2974 1523 3005 et.
