2008 3360
757 293 885 325 mmm
904 293 1109 326 OCTAVUS.
1309 287 1313 290 ’
1618 284 1700 325 209

191 403 358 443 caveret
377 398 493 455 quod
510 407 690 456 regnum
709 399 867 443 Scociae
885 399 1059 455 penitus
1079 413 1105 442 a
1123 411 1251 455 regno
1269 397 1440 455 Angliae
1458 398 1642 442 liberum
1657 403 1702 442 et

190 456 396 501 divisum1
415 458 589 514 penitus
609 460 732 509 esset,
750 458 925 501 tandem
943 458 991 500 in
1009 458 1200 514 personis
1220 457 1515 514 episcoporum
1533 457 1700 500 Dunel-

190 516 361 567 mensis,
383 515 668 567 Carh'olensis,
682 516 991 559 Lincolniensis
1011 521 1055 558 et
1072 516 1378 559 Warannensis
1399 515 1635 567 comitum,2
1649 529 1698 558 ac

189 575 384 630 magistri
413 575 443 617 J
445 574 625 617 ohannis
655 574 708 617 de
737 573 981 624 Newuerk‚³
999 574 1277 617 Eboracensis
1306 574 1468 626 decani,
1486 574 1698 616 Willelmi

189 632 243 675 de
263 632 430 687 Wes1y⁴
442 632 606 683 militis,
625 632 680 674 ad
698 632 780 675 hoc
799 632 1042 688 specialiter
1056 647 1081 675 a
1092 646 1189 688 rege
1203 632 1372 687 Angliae
1387 632 1697 688 deputatorum,

188 691 244 733 ad
273 690 354 733 hoc
384 691 566 746 speciale
595 691 845 733 mandatum
874 690 1143 742 habencium,
1175 690 1347 746 publice
1380 691 1598 733 confessus
1630 694 1696 733 est

189 748 304 804 quod
322 762 502 804 regnum
510 749 674 791 Scociae
690 752 755 791 est
774 762 952 804 regnum
972 749 1145 791 omnino
1158 762 1183 791 a
1197 762 1326 805 regno
1341 747 1511 804 Angliae
1531 762 1698 804 separa-

188 810 296 858 tum,
324 807 497 863 penitus
516 806 783 862 liberumque
803 807 857 849 ab
878 807 995 849 omni
1025 806 1291 862 subjeccione
1321 806 1558 849 servitutis⁵
1576 806 1697 863 regni

191 868 236 908 et
256 865 436 907 dominii
466 864 591 921 [regis
610 864 810 920 AninaeJ.
870 865 976 916 Quae
997 863 1190 920 quidem⁶
1208 865 1415 907 confessio
1444 863 1567 907 dicti⁷
1585 865 1696 920 regis

187 922 357 979 Angliae
385 923 555 965 redacta
574 922 659 964 fuit
676 923 725 964 in
743 922 1079 965 instrumentum
1096 922 1319 978 publicum
1339 926 1382 965 et
1401 922 1698 974 autenticum?

187 981 487 1036 praedictorum
516 980 789 1036 praelatorum
822 984 866 1023 et
892 980 1162 1023 dominorum
1191 981 1344 1036 sigillis
1377 981 1621 1023 roboratum
1652 985 1697 1024 et

188 1039 507 1095 consignatum;
538 1042 582 1081 et
602 1053 656 1081 ex
675 1038 943 1080 habundanti
954 1038 1035 1081 hoc
1054 1039 1168 1081 idem
1182 1038 1388 1081 habemus
1409 1039 1607 1082 similiter
1620 1053 1697 1094 per

188 1097 522 1139 instrumentum
540 1096 774 1152 publicum,
786 1096 899 1139 inter
917 1096 1002 1139 alia
1021 1097 1133 1139 sedis
1154 1097 1394 1152 apostolicae
1413 1097 1698 1140 instrumenta

189 1158 233 1197 et
260 1155 527 1197 munimenta
550 1154 602 1197 de
631 1153 807 1210 quibus⁹
825 1155 1021 1210 superius
1050 1155 1135 1197 fuit
1163 1155 1341 1198 mencio.
1402 1155 1507 1206 Quae
1535 1155 1696 1198 instru-

186 1215 342 1264 menta,
362 1212 417 1255 ad
435 1215 696 1268 praeceptum
711 1212 869 1255 summi
887 1212 1113 1269 pontificis,
1129 1227 1228 1255 cum
1247 1213 1331 1255 sibi
1344 1212 1564 1268 placuerit,
1575 1217 1696 1268 pote-

186 1270 320 1313 rimus
350 1270 559 1314 exhibere.
618 1271 700 1314 Pro
729 1271 853 1314 nobis
883 1271 1018 1314 eciam
1045 1271 1151 1314 facit
1178 1271 1372 1327 legitima
1400 1271 1695 1327 praescripcio:

186 1329 299 1384 quia,
317 1328 420 1372 licet
448 1328 650 1384 praedicto
679 1329 767 1385 regi
795 1329 976 1385 Angliae,
994 1333 1046 1372 ut
1074 1329 1321 1380 asseritur‚¹⁰
1344 1329 1418 1384 jus
1447 1329 1622 1385 aliquod
1645 1330 1691 1371 in

187 1400 316 1443 regno
350 1387 519 1439 Scociae‚
539 1401 594 1430 ex
622 1387 767 1443 aliquo
800 1387 929 1430 titulo
959 1388 1143 1444 speciali,
1173 1388 1445 1443 competisset
1472 1388 1520 1430 in
1549 1387 1694 1443 aliquo

186 1448 376 1500 tempore
414 1445 626 1501 praeterito
660 1449 806 1488 contra
839 1446 912 1502 jus
942 1460 1178 1497 commune,
1211 1445 1451 1502 longissimi
1487 1446 1694 1502 temporis

186 1503 341 1558 spacio,
356 1504 479 1559 cujus
497 1517 585 1546 non
605 1507 724 1546 extat
743 1504 956 1556 memoria,
972 1509 1119 1547 contra
1137 1504 1281 1560 ipsum
1299 1518 1442 1560 regem
1457 1507 1501 1547 et
1514 1518 1694 1560 regnum

185 1561 367 1617 Angliae,
385 1565 436 1603 ut
464 1575 531 1604 res
559 1562 615 1604 ad
644 1575 766 1604 suam
794 1565 991 1605 naturam
1019 1562 1175 1614 redeat,
1203 1562 1537 1618 praescripsimus
1566 1562 1693 1605 liber-

185 1622 331 1662 tatem.
390 1619 526 1661 Nulla
544 1620 756 1675 siquidem
775 1624 926 1663 extant
945 1620 1106 1663 indicia
1123 1620 1324 1676 prestinae
1343 1620 1624 1676 subjeccionis
1640 1619 1694 1663 de

187 1677 312 1719 nobis
332 1677 386 1719 ad
406 1677 514 1728 illos,
534 1678 609 1720 sed
628 1678 777 1733 pocius
806 1692 950 1721 recens
970 1681 1088 1721 extat
1116 1678 1320 1721 memoria
1339 1692 1470 1733 quam
1497 1678 1695 1734 plurimis

187 1735 411 1791 fidedignis
432 1735 711 1791 subjeccionis
724 1736 972 1792 denegataess
987 1736 1059 1779 010.
1110 1736 1225 1778 Nam
1239 1736 1418 1778 ultimus
1437 1750 1513 1778 rex
1528 1736 1695 1791 Angliae

187 1793 403 1836 Henricus
441 1794 496 1835 ab
534 1794 780 1837 Alexandro
818 1808 915 1850 rege
955 1794 1188 1845 Scotorum,
1229 1807 1305 1836 suo
1344 1807 1509 1850 genero,
1547 1797 1696 1836 contra

188 1851 419 1906 Symonem
438 1851 491 1894 de
520 1852 673 1895 Monte
698 1852 816 1895 Forti
846 1857 890 1895 et
919 1866 1017 1895 suos
1045 1852 1271 1908 complices
1298 1852 1382 1894 sibi
1410 1852 1695 1907 supplicasset

189 1909 401 1951 auxilium
432 1909 636 1965 impendi,
666 1924 744 1966 per
777 1924 875 1954 suas
901 1914 1096 1966 patentes
1130 1911 1275 1953 literas
1311 1924 1437 1966 super
1464 1910 1545 1953 hoc
1576 1910 1698 1952 datas

187 1967 431 2023 recognovit
463 1981 508 2010 se
536 1967 783 2023 hujusmodi
812 1968 1023 2011 auxilium
1052 1982 1137 2011 non
1159 1982 1214 2011 ex
1233 1968 1391 2020 debito,
1410 1968 1485 2011 sed
1514 1982 1568 2011 ex
1587 1981 1694 2024 pura

188 2024 264 2067 et¹²
283 2025 458 2081 speciali
476 2027 616 2082 gracia
635 2026 718 2069 sibi
738 2040 938 2070 concessa
957 2026 1087 2070 fuit.¹³

407 2189 619 2247 §equitat
639 2192 690 2237 ab
714 2193 791 2238 hnc
810 2193 859 2238 hz
878 2194 1017 2239 nobem
1035 2193 1358 2250 mmm-01:
1380 2193 1474 2239 lhii.

187 2281 391 2350 OETEM,
420 2312 519 2341 cum
543 2298 626 2342 iste
650 2313 727 2342 rex
755 2299 924 2356 Angliae
953 2300 1188 2344 Edwardus
1218 2315 1342 2344 suam
1376 2301 1695 2346 coronacionem

185 2356 426 2399 intenderet
446 2357 689 2400 solemniter
708 2358 929 2410 celebrare,
939 2359 1143 2414 praedicto
1155 2359 1402 2402 Alexandro
1422 2359 1601 2416 genefiss
1615 2375 1692 2404 suo

187 2415 449 2471 supplicavit
467 2415 677 2458 instanter
695 2419 746 2458 ut
765 2429 853 2458 suae
879 2417 1146 2459 coronacioni
1174 2417 1377 2460 interesse
1397 2422 1585 2461 curaret:
1618 2419 1695 2475 qui

185 2487 262 2516 rex
282 2487 554 2529 nequaquam
579 2473 635 2516 ad
660 2473 740 2516 hoc
770 2475 1009 2517 consentire
1028 2475 1210 2527 volebat,
1230 2476 1375 2527 donec,
1393 2490 1470 2532 per
1496 2479 1693 2533 patentes

184 2531 330 2574 literas
361 2531 499 2587 ipsius
531 2531 642 2587 regis
675 2531 854 2587 Angliae‚
888 2533 973 2574 sibi
1002 2546 1079 2588 pro
1113 2547 1158 2576 se
1193 2537 1236 2576 et
1266 2548 1394 2590 regno
1426 2548 1503 2578 suo
1535 2535 1693 2578 Scociae

185 2602 332 2632 cavere
350 2589 568 2641 voluisset,
587 2589 702 2645 quod
721 2589 808 2632 ex¹⁵
823 2590 1026 2642 amicicia,
1042 2605 1095 2634 ex
1108 2605 1156 2634 00
1172 2592 1287 2647 quod
1306 2593 1398 2648 ejus
1418 2593 1629 2636 sororibus
1650 2597 1694 2636 et

249 2722 263 2745 ¹
280 2724 317 2759 O.
336 2724 379 2758 D.
397 2724 439 2757 E.
457 2725 528 2758 add
544 2736 566 2758 a
580 2735 689 2768 regno
706 2725 851 2769 Angliae.
1267 2725 1281 2748 ²
1298 2727 1335 2761 G.
1355 2728 1396 2762 E.
1414 2728 1631 2762 comitatum.

248 2769 262 2791 ³
278 2771 317 2804 B.
337 2771 379 2805 D.
398 2772 585 2806 Neuwerk.
638 2773 674 2807 O.
694 2773 732 2806 E.
751 2773 914 2807 Newerk.
1266 2772 1281 2795 ⁴¹
1298 2775 1334 2808 C.
1353 2775 1393 2808 E.
1412 2775 1550 2818 Wessy.

247 2815 262 2838 ⁵
278 2817 314 2850 C.
333 2818 513 2852 servitute.
563 2820 602 2853 E.
621 2820 851 2863 subjeccionis
863 2820 1046 2855 servitute.
1266 2820 1281 2842 θ
1298 2821 1335 2855 O.
1355 2822 1397 2855 D.
1417 2822 1570 2865 quidam.

250 2862 263 2886 ⁷
281 2864 499 2904 Quae--dicti
515 2868 550 2899 in
565 2869 710 2910 margin.
823 2865 837 2888 ⁸
853 2868 895 2901 D.
914 2868 1133 2902 attenticum.
1268 2867 1283 2890 ⁹
1300 2869 1337 2902 C.
1356 2869 1396 2902 E.
1415 2870 1487 2902 add
1503 2869 1549 2903 in.

235 2908 264 2931 ¹⁰
281 2911 317 2943 O.
336 2911 378 2944 D.
396 2912 435 2945 E.
454 2914 588 2947 asserit.
809 2913 837 2935 11
855 2915 893 2948 Β.
912 2915 949 2948 O.
968 2915 1148 2959 denegare.
1257 2914 1285 2936 12
1302 2916 1340 2949 O.
1359 2916 1398 2948 E.
1417 2917 1497 2948 omit
1512 2918 1558 2949 et.

238 2956 266 2978 ¹³
283 2957 320 2992 O.
337 2957 381 2992 D.
399 2959 439 2994 E.
458 2960 530 2993 add
545 2963 610 2997 etc.
804 2959 833 2983 ¹⁴¹
850 2962 887 2996 C.
905 2962 944 2996 E.
962 2963 1036 3006 regi
1053 2973 1189 3007 genero.
1255 2961 1284 2984 ¹⁵
1302 2962 1339 2997 C.
1357 2962 1396 2997 E.
1415 2963 1497 2996 omit
1513 2973 1568 2996 ex.

941 3019 968 3049 Ο
