<?xml version="1.0" encoding="UTF-8"?>
<!DOCTYPE html PUBLIC "-//W3C//DTD XHTML 1.0 Transitional//EN"
    "http://www.w3.org/TR/xhtml1/DTD/xhtml1-transitional.dtd">
<html xmlns="http://www.w3.org/1999/xhtml" xml:lang="en" lang="en">
 <head>
  <title>
</title>
<meta http-equiv="Content-Type" content="text/html;charset=utf-8" />
  <meta name='ocr-system' content='tesseract 3.04.00' />
  <meta name='ocr-capabilities' content='ocr_page ocr_carea ocr_par ocr_line ocrx_word'/>
</head>
<body>
  <div class='ocr_page' id='page_1' title='image "./liberpluscardens07plusuoft/liberpluscardens07plusuoft_0169.png"; bbox 0 0 1982 3360; ppageno 0'>
   <div class='ocr_carea' id='block_1_1' title="bbox 743 337 1674 378">
    <p class='ocr_par' dir='ltr' id='par_1_1' title="bbox 743 337 1674 378">
     <span class='ocr_line' id='line_1_1' title="bbox 743 337 1674 378; baseline 0 -1"><span class='ocrx_word' id='word_1_1' title='bbox 743 347 870 378; x_wconf 67' lang='lat' dir='ltr'>mmm</span> <span class='ocrx_word' id='word_1_2' title='bbox 890 346 1094 378; x_wconf 78' lang='lat' dir='ltr'>OCTAVUS.</span> <span class='ocrx_word' id='word_1_3' title='bbox 1594 337 1674 377; x_wconf 86' lang='grc'>117</span> 
     </span>
    </p>
   </div>
   <div class='ocr_carea' id='block_1_2' title="bbox 165 450 1625 1058">
    <p class='ocr_par' dir='ltr' id='par_1_2' title="bbox 166 450 1446 508">
     <span class='ocr_line' id='line_1_2' title="bbox 166 450 1446 508; baseline 0 -15"><span class='ocrx_word' id='word_1_4' title='bbox 166 450 381 494; x_wconf 89' lang='lat' dir='ltr'>Honorius</span> <span class='ocrx_word' id='word_1_5' title='bbox 403 451 537 494; x_wconf 87' lang='lat' dir='ltr'>eciam</span> <span class='ocrx_word' id='word_1_6' title='bbox 556 451 715 494; x_wconf 84' lang='lat' dir='ltr'>illustri</span> <span class='ocrx_word' id='word_1_7' title='bbox 733 452 820 508; x_wconf 87' lang='lat' dir='ltr'>regi</span> <span class='ocrx_word' id='word_1_8' title='bbox 841 452 1061 495; x_wconf 73' lang='lat' dir='ltr'>Scotorum</span> <span class='ocrx_word' id='word_1_9' title='bbox 1080 451 1326 495; x_wconf 81' lang='lat' dir='ltr'>Alexandro</span> <span class='ocrx_word' id='word_1_10' title='bbox 1346 451 1446 494; x_wconf 82' lang='lat' dir='ltr'>suis.</span> 
     </span>
    </p>

    <p class='ocr_par' dir='ltr' id='par_1_3' title="bbox 165 541 1625 1058">
     <span class='ocr_line' id='line_1_3' title="bbox 1417 541 1547 587; baseline -0.008 0"><span class='ocrx_word' id='word_1_11' title='bbox 1417 541 1467 587; x_wconf 63' lang='grc' dir='ltr'>(Ε.</span> <span class='ocrx_word' id='word_1_12' title='bbox 1489 541 1547 586; x_wconf 80' lang='lat' dir='ltr'>xl.</span> 
     </span>
     <span class='ocr_line' id='line_1_4' title="bbox 167 633 1567 692; baseline 0.001 -16"><span class='ocrx_word' id='word_1_13' title='bbox 167 634 337 691; x_wconf 84' lang='lat' dir='ltr'>Regalis</span> <span class='ocrx_word' id='word_1_14' title='bbox 358 635 564 679; x_wconf 87' lang='lat' dir='ltr'>celsitudo</span> <span class='ocrx_word' id='word_1_15' title='bbox 582 636 768 692; x_wconf 87' lang='lat' dir='ltr'>requiret</span> <span class='ocrx_word' id='word_1_16' title='bbox 786 639 837 678; x_wconf 85' lang='lat' dir='ltr'>ut</span> <span class='ocrx_word' id='word_1_17' title='bbox 855 636 902 678; x_wconf 91' lang='lat' dir='ltr'>in</span> <span class='ocrx_word' id='word_1_18' title='bbox 923 650 1018 692; x_wconf 89' lang='lat' dir='ltr'>quo.</span> <span class='ocrx_word' id='word_1_19' title='bbox 1419 633 1468 679; x_wconf 71' lang='lat' dir='ltr'>QL.</span> <span class='ocrx_word' id='word_1_20' title='bbox 1491 633 1567 678; x_wconf 78' lang='lat' dir='ltr'>xli.</span> 
     </span>
     <span class='ocr_line' id='line_1_5' title="bbox 167 725 1587 784; baseline 0.001 -16"><span class='ocrx_word' id='word_1_21' title='bbox 167 726 335 770; x_wconf 85' lang='lat' dir='ltr'>Harum</span> <span class='ocrx_word' id='word_1_22' title='bbox 355 743 524 784; x_wconf 91' lang='lat' dir='ltr'>quoque</span> <span class='ocrx_word' id='word_1_23' title='bbox 542 728 759 771; x_wconf 81' lang='lat' dir='ltr'>literarum</span> <span class='ocrx_word' id='word_1_24' title='bbox 775 728 916 784; x_wconf 86' lang='lat' dir='ltr'>copias</span> <span class='ocrx_word' id='word_1_25' title='bbox 943 742 1041 771; x_wconf 88' lang='lat' dir='ltr'>cum</span> <span class='ocrx_word' id='word_1_26' title='bbox 1061 728 1157 771; x_wconf 85' lang='lat' dir='ltr'>aliis</span> <span class='ocrx_word' id='word_1_27' title='bbox 1177 727 1367 784; x_wconf 86' lang='lat' dir='ltr'>singulis.</span> <span class='ocrx_word' id='word_1_28' title='bbox 1419 725 1469 772; x_wconf 65' lang='lat' dir='ltr'>GL</span> <span class='ocrx_word' id='word_1_29' title='bbox 1492 725 1587 771; x_wconf 72' lang='lat' dir='ltr'>xlii.</span> 
     </span>
     <span class='ocr_line' id='line_1_6' title="bbox 167 818 1606 876; baseline 0.001 -15"><span class='ocrx_word' id='word_1_30' title='bbox 167 819 248 862; x_wconf 89' lang='lat' dir='ltr'>Per</span> <span class='ocrx_word' id='word_1_31' title='bbox 267 821 497 876; x_wconf 87' lang='lat' dir='ltr'>apostolica</span> <span class='ocrx_word' id='word_1_32' title='bbox 516 820 679 862; x_wconf 90' lang='lat' dir='ltr'>dudum</span> <span class='ocrx_word' id='word_1_33' title='bbox 699 820 855 875; x_wconf 79' lang='lat' dir='ltr'>scripta</span> <span class='ocrx_word' id='word_1_34' title='bbox 876 820 1032 862; x_wconf 87' lang='lat' dir='ltr'>citatus</span> <span class='ocrx_word' id='word_1_35' title='bbox 1051 834 1127 863; x_wconf 86' lang='lat' dir='ltr'>rex</span> <span class='ocrx_word' id='word_1_36' title='bbox 1146 820 1325 875; x_wconf 84' lang='lat' dir='ltr'>Angliae.</span> <span class='ocrx_word' id='word_1_37' title='bbox 1425 818 1474 864; x_wconf 67' lang='grc' dir='ltr'>Εἴ.</span> <span class='ocrx_word' id='word_1_38' title='bbox 1493 818 1606 863; x_wconf 74' lang='lat' dir='ltr'>xliii.</span> 
     </span>
     <span class='ocr_line' id='line_1_7' title="bbox 166 909 1625 966; baseline 0.001 -14"><span class='ocrx_word' id='word_1_39' title='bbox 166 909 250 952; x_wconf 85' lang='lat' dir='ltr'>Sed</span> <span class='ocrx_word' id='word_1_40' title='bbox 270 910 371 965; x_wconf 81' lang='lat' dir='ltr'>quia</span> <span class='ocrx_word' id='word_1_41' title='bbox 390 925 567 966; x_wconf 86' lang='lat' dir='ltr'>regnum</span> <span class='ocrx_word' id='word_1_42' title='bbox 581 910 724 966; x_wconf 87' lang='lat' dir='ltr'>ipsum</span> <span class='ocrx_word' id='word_1_43' title='bbox 740 910 908 962; x_wconf 82' lang='lat' dir='ltr'>Scooiae,</span> <span class='ocrx_word' id='word_1_44' title='bbox 925 911 1050 966; x_wconf 87' lang='lat' dir='ltr'>quod,</span> <span class='ocrx_word' id='word_1_45' title='bbox 1064 915 1115 953; x_wconf 90' lang='lat' dir='ltr'>ut</span> <span class='ocrx_word' id='word_1_46' title='bbox 1130 911 1294 953; x_wconf 86' lang='lat' dir='ltr'>dietum</span> <span class='ocrx_word' id='word_1_47' title='bbox 1314 914 1388 954; x_wconf 87' lang='lat' dir='ltr'>est.</span> <span class='ocrx_word' id='word_1_48' title='bbox 1420 910 1470 955; x_wconf 67' lang='grc' dir='ltr'>(Εἴ.</span> <span class='ocrx_word' id='word_1_49' title='bbox 1492 909 1625 955; x_wconf 72' lang='lat' dir='ltr'>xliiii.</span> 
     </span>
     <span class='ocr_line' id='line_1_8' title="bbox 165 1001 1572 1058; baseline 0.002 -15"><span class='ocrx_word' id='word_1_50' title='bbox 165 1002 343 1057; x_wconf 80' lang='lat' dir='ltr'>Scripsit</span> <span class='ocrx_word' id='word_1_51' title='bbox 362 1002 495 1044; x_wconf 86' lang='lat' dir='ltr'>eciam</span> <span class='ocrx_word' id='word_1_52' title='bbox 515 1002 562 1044; x_wconf 93' lang='lat' dir='ltr'>in</span> <span class='ocrx_word' id='word_1_53' title='bbox 582 1016 659 1044; x_wconf 89' lang='lat' dir='ltr'>sua</span> <span class='ocrx_word' id='word_1_54' title='bbox 674 1002 787 1045; x_wconf 82' lang='lat' dir='ltr'>dicta</span> <span class='ocrx_word' id='word_1_55' title='bbox 803 1002 982 1058; x_wconf 87' lang='lat' dir='ltr'>epistola</span> <span class='ocrx_word' id='word_1_56' title='bbox 997 1016 1163 1044; x_wconf 89' lang='lat' dir='ltr'>summo</span> <span class='ocrx_word' id='word_1_57' title='bbox 1182 1002 1385 1058; x_wconf 83' lang='lat' dir='ltr'>pontifici.</span> <span class='ocrx_word' id='word_1_58' title='bbox 1417 1001 1467 1046; x_wconf 66' lang='lat'>01.</span> <span class='ocrx_word' id='word_1_59' title='bbox 1489 1001 1572 1046; x_wconf 79' lang='lat' dir='ltr'>xlh.</span> 
     </span>
    </p>
   </div>
   <div class='ocr_carea' id='block_1_3' title="bbox 164 1093 1591 1149">
    <p class='ocr_par' dir='ltr' id='par_1_4' title="bbox 164 1093 1591 1149">
     <span class='ocr_line' id='line_1_9' title="bbox 164 1093 1591 1149; baseline 0.001 -14"><span class='ocrx_word' id='word_1_60' title='bbox 164 1093 231 1134; x_wconf 84' lang='lat' dir='ltr'>Ex</span> <span class='ocrx_word' id='word_1_61' title='bbox 251 1093 406 1148; x_wconf 87' lang='lat' dir='ltr'>quibus</span> <span class='ocrx_word' id='word_1_62' title='bbox 425 1097 545 1149; x_wconf 87' lang='lat' dir='ltr'>patet</span> <span class='ocrx_word' id='word_1_63' title='bbox 564 1094 679 1149; x_wconf 91' lang='lat' dir='ltr'>quod</span> <span class='ocrx_word' id='word_1_64' title='bbox 699 1108 785 1136; x_wconf 90' lang='lat' dir='ltr'>non</span> <span class='ocrx_word' id='word_1_65' title='bbox 806 1099 871 1136; x_wconf 88' lang='lat' dir='ltr'>est</span> <span class='ocrx_word' id='word_1_66' title='bbox 890 1094 1121 1136; x_wconf 87' lang='lat' dir='ltr'>verisimile</span> <span class='ocrx_word' id='word_1_67' title='bbox 1142 1094 1351 1137; x_wconf 81' lang='lat' dir='ltr'>BritoneS.</span> <span class='ocrx_word' id='word_1_68' title='bbox 1417 1093 1466 1139; x_wconf 65' lang='grc' dir='ltr'>(Ξῖ.</span> <span class='ocrx_word' id='word_1_69' title='bbox 1489 1093 1591 1138; x_wconf 74' lang='lat' dir='ltr'>xlni.</span> 
     </span>
    </p>
   </div>
   <div class='ocr_carea' id='block_1_4' title="bbox 163 1184 1633 1515">
    <p class='ocr_par' dir='ltr' id='par_1_5' title="bbox 163 1184 1633 1515">
     <span class='ocr_line' id='line_1_10' title="bbox 164 1184 1608 1241; baseline 0.001 -15"><span class='ocrx_word' id='word_1_70' title='bbox 164 1185 246 1227; x_wconf 87' lang='lat' dir='ltr'>Per</span> <span class='ocrx_word' id='word_1_71' title='bbox 264 1185 525 1227; x_wconf 85' lang='lat' dir='ltr'>venerandas</span> <span class='ocrx_word' id='word_1_72' title='bbox 546 1185 706 1228; x_wconf 79' lang='lat' dir='ltr'>etenim</span> <span class='ocrx_word' id='word_1_73' title='bbox 725 1185 927 1241; x_wconf 84' lang='lat' dir='ltr'>reliquias</span> <span class='ocrx_word' id='word_1_74' title='bbox 947 1185 1062 1228; x_wconf 86' lang='lat' dir='ltr'>beati</span> <span class='ocrx_word' id='word_1_75' title='bbox 1081 1185 1275 1229; x_wconf 88' lang='lat' dir='ltr'>Andreae.</span> <span class='ocrx_word' id='word_1_76' title='bbox 1415 1185 1464 1230; x_wconf 66' lang='grc' dir='ltr'>Εἰ.</span> <span class='ocrx_word' id='word_1_77' title='bbox 1488 1184 1608 1228; x_wconf 72' lang='lat' dir='ltr'>xlnii.</span> 
     </span>
     <span class='ocr_line' id='line_1_11' title="bbox 163 1274 1633 1332; baseline 0.001 -15"><span class='ocrx_word' id='word_1_78' title='bbox 163 1275 231 1317; x_wconf 89' lang='lat' dir='ltr'>De</span> <span class='ocrx_word' id='word_1_79' title='bbox 251 1274 404 1317; x_wconf 90' lang='lat' dir='ltr'>ultimo</span> <span class='ocrx_word' id='word_1_80' title='bbox 423 1289 523 1318; x_wconf 87' lang='lat' dir='ltr'>vero</span> <span class='ocrx_word' id='word_1_81' title='bbox 543 1280 732 1331; x_wconf 87' lang='lat' dir='ltr'>tempore</span> <span class='ocrx_word' id='word_1_82' title='bbox 750 1290 897 1332; x_wconf 88' lang='lat' dir='ltr'>regum</span> <span class='ocrx_word' id='word_1_83' title='bbox 917 1276 1273 1318; x_wconf 88' lang='lat' dir='ltr'>Normannorum.</span> <span class='ocrx_word' id='word_1_84' title='bbox 1421 1275 1470 1320; x_wconf 66' lang='grc' dir='ltr'>(ΣΕ.</span> <span class='ocrx_word' id='word_1_85' title='bbox 1494 1275 1633 1319; x_wconf 74' lang='lat' dir='ltr'>xlniii.</span> 
     </span>
     <span class='ocr_line' id='line_1_12' title="bbox 163 1367 1595 1424; baseline 0.003 -15"><span class='ocrx_word' id='word_1_86' title='bbox 163 1367 292 1409; x_wconf 91' lang='lat' dir='ltr'>Porro</span> <span class='ocrx_word' id='word_1_87' title='bbox 312 1370 479 1409; x_wconf 89' lang='lat' dir='ltr'>mortuo</span> <span class='ocrx_word' id='word_1_88' title='bbox 499 1367 646 1410; x_wconf 88' lang='lat' dir='ltr'>eodem</span> <span class='ocrx_word' id='word_1_89' title='bbox 664 1382 760 1424; x_wconf 87' lang='lat' dir='ltr'>rege</span> <span class='ocrx_word' id='word_1_90' title='bbox 780 1368 925 1410; x_wconf 88' lang='lat' dir='ltr'>David</span> <span class='ocrx_word' id='word_1_91' title='bbox 945 1368 1070 1423; x_wconf 88' lang='lat' dir='ltr'>apud.</span> <span class='ocrx_word' id='word_1_92' title='bbox 1419 1367 1469 1413; x_wconf 69' lang='lat' dir='ltr'>Qt.</span> <span class='ocrx_word' id='word_1_93' title='bbox 1492 1367 1595 1413; x_wconf 72' lang='lat' dir='ltr'>xlix.</span> 
     </span>
     <span class='ocr_line' id='line_1_13' title="bbox 164 1458 1523 1515; baseline 0.004 -16"><span class='ocrx_word' id='word_1_94' title='bbox 164 1458 332 1500; x_wconf 88' lang='lat' dir='ltr'>Exinde</span> <span class='ocrx_word' id='word_1_95' title='bbox 352 1458 545 1513; x_wconf 83' lang='lat' dir='ltr'>sequitur</span> <span class='ocrx_word' id='word_1_96' title='bbox 564 1459 678 1514; x_wconf 88' lang='lat' dir='ltr'>quod</span> <span class='ocrx_word' id='word_1_97' title='bbox 698 1459 901 1515; x_wconf 85' lang='lat' dir='ltr'>rescripta</span> <span class='ocrx_word' id='word_1_98' title='bbox 921 1458 1141 1515; x_wconf 62' lang='lat' dir='ltr'>Gregorii}</span> <span class='ocrx_word' id='word_1_99' title='bbox 1420 1458 1469 1504; x_wconf 68' lang='grc' dir='ltr'>(Ξῖ.</span> <span class='ocrx_word' id='word_1_100' title='bbox 1493 1459 1523 1504; x_wconf 85' lang='lat' dir='ltr'>l.</span> 
     </span>
    </p>
   </div>
   <div class='ocr_carea' id='block_1_5' title="bbox 164 1549 1558 1698">
    <p class='ocr_par' dir='ltr' id='par_1_6' title="bbox 164 1549 1558 1698">
     <span class='ocr_line' id='line_1_14' title="bbox 165 1549 1541 1607; baseline 0.004 -16"><span class='ocrx_word' id='word_1_101' title='bbox 165 1549 259 1592; x_wconf 85' lang='lat' dir='ltr'>Rex</span> <span class='ocrx_word' id='word_1_102' title='bbox 280 1549 439 1592; x_wconf 87' lang='lat' dir='ltr'>etenim</span> <span class='ocrx_word' id='word_1_103' title='bbox 451 1550 695 1594; x_wconf 84' lang='lat' dir='ltr'>Alexander</span> <span class='ocrx_word' id='word_1_104' title='bbox 711 1552 867 1594; x_wconf 80' lang='lat' dir='ltr'>Soociae</span> <span class='ocrx_word' id='word_1_105' title='bbox 888 1551 1023 1607; x_wconf 89' lang='lat' dir='ltr'>ipsius</span> <span class='ocrx_word' id='word_1_106' title='bbox 1043 1552 1152 1607; x_wconf 86' lang='lat' dir='ltr'>regis</span> <span class='ocrx_word' id='word_1_107' title='bbox 1167 1551 1387 1595; x_wconf 84' lang='lat' dir='ltr'>Willelmi.</span> <span class='ocrx_word' id='word_1_108' title='bbox 1420 1551 1469 1596; x_wconf 70' lang='grc' dir='ltr'>(Ξῖ.</span> <span class='ocrx_word' id='word_1_109' title='bbox 1492 1550 1541 1596; x_wconf 76' lang='lat' dir='ltr'>li.</span> 
     </span>
     <span class='ocr_line' id='line_1_15' title="bbox 164 1639 1558 1698; baseline 0.004 -16"><span class='ocrx_word' id='word_1_110' title='bbox 164 1639 439 1696; x_wconf 86' lang='lat' dir='ltr'>Vacanteque</span> <span class='ocrx_word' id='word_1_111' title='bbox 460 1640 611 1684; x_wconf 89' lang='lat' dir='ltr'>deinde</span> <span class='ocrx_word' id='word_1_112' title='bbox 631 1642 823 1697; x_wconf 85' lang='lat' dir='ltr'>ejusdem</span> <span class='ocrx_word' id='word_1_113' title='bbox 842 1642 961 1698; x_wconf 85' lang='lat' dir='ltr'>regni</span> <span class='ocrx_word' id='word_1_114' title='bbox 982 1642 1139 1684; x_wconf 84' lang='lat' dir='ltr'>Seociae</span> <span class='ocrx_word' id='word_1_115' title='bbox 1161 1642 1364 1686; x_wconf 83' lang='lat' dir='ltr'>custodia.</span> <span class='ocrx_word' id='word_1_116' title='bbox 1418 1641 1468 1687; x_wconf 69' lang='grc' dir='ltr'>ΩΙ.</span> <span class='ocrx_word' id='word_1_117' title='bbox 1490 1642 1558 1687; x_wconf 76' lang='lat' dir='ltr'>lii.</span> 
     </span>
    </p>
   </div>
   <div class='ocr_carea' id='block_1_6' title="bbox 163 1730 1597 1868">
    <p class='ocr_par' dir='ltr' id='par_1_7' title="bbox 163 1730 1597 1868">
     <span class='ocr_line' id='line_1_16' title="bbox 165 1730 1578 1788; baseline 0.001 -15"><span class='ocrx_word' id='word_1_118' title='bbox 165 1730 430 1787; x_wconf 87' lang='lat' dir='ltr'>Petenteque</span> <span class='ocrx_word' id='word_1_119' title='bbox 450 1732 624 1787; x_wconf 86' lang='lat' dir='ltr'>insuper</span> <span class='ocrx_word' id='word_1_120' title='bbox 642 1733 845 1788; x_wconf 81' lang='lat' dir='ltr'>praedicto</span> <span class='ocrx_word' id='word_1_121' title='bbox 865 1746 960 1788; x_wconf 86' lang='lat' dir='ltr'>rege</span> <span class='ocrx_word' id='word_1_122' title='bbox 979 1732 1160 1787; x_wconf 86' lang='lat' dir='ltr'>Angliae.</span> <span class='ocrx_word' id='word_1_123' title='bbox 1418 1731 1467 1776; x_wconf 68' lang='grc' dir='ltr'>Εἴ.</span> <span class='ocrx_word' id='word_1_124' title='bbox 1490 1731 1578 1775; x_wconf 75' lang='lat' dir='ltr'>liii.</span> 
     </span>
     <span class='ocr_line' id='line_1_17' title="bbox 163 1812 1597 1868; baseline 0.002 -13"><span class='ocrx_word' id='word_1_125' title='bbox 163 1812 342 1868; x_wconf 82' lang='lat' dir='ltr'>thuia</span> <span class='ocrx_word' id='word_1_126' title='bbox 361 1814 413 1856; x_wconf 92' lang='lat' dir='ltr'>de</span> <span class='ocrx_word' id='word_1_127' title='bbox 433 1814 518 1857; x_wconf 86' lang='lat' dir='ltr'>hiis</span> <span class='ocrx_word' id='word_1_128' title='bbox 538 1819 581 1857; x_wconf 87' lang='lat' dir='ltr'>et</span> <span class='ocrx_word' id='word_1_129' title='bbox 601 1814 697 1857; x_wconf 87' lang='lat' dir='ltr'>aliis</span> <span class='ocrx_word' id='word_1_130' title='bbox 717 1815 855 1857; x_wconf 85' lang='lat' dir='ltr'>causis</span> <span class='ocrx_word' id='word_1_131' title='bbox 876 1820 921 1857; x_wconf 88' lang='lat' dir='ltr'>et</span> <span class='ocrx_word' id='word_1_132' title='bbox 939 1815 1286 1859; x_wconf 83' lang='lat' dir='ltr'>circumstaneiis.</span> <span class='ocrx_word' id='word_1_133' title='bbox 1419 1814 1468 1860; x_wconf 71' lang='grc' dir='ltr'>(Ξῖ.</span> <span class='ocrx_word' id='word_1_134' title='bbox 1491 1814 1597 1859; x_wconf 74' lang='lat' dir='ltr'>liiii.</span> 
     </span>
    </p>
   </div>
   <div class='ocr_carea' id='block_1_7' title="bbox 164 1903 1678 1961">
    <p class='ocr_par' dir='ltr' id='par_1_8' title="bbox 164 1903 1678 1961">
     <span class='ocr_line' id='line_1_18' title="bbox 164 1903 1678 1961; baseline 0.001 -15"><span class='ocrx_word' id='word_1_135' title='bbox 164 1903 440 1948; x_wconf 86' lang='lat' dir='ltr'>Sanctissimo</span> <span class='ocrx_word' id='word_1_136' title='bbox 460 1905 508 1947; x_wconf 90' lang='lat' dir='ltr'>in</span> <span class='ocrx_word' id='word_1_137' title='bbox 529 1905 699 1948; x_wconf 85' lang='lat' dir='ltr'>Christo</span> <span class='ocrx_word' id='word_1_138' title='bbox 718 1905 830 1961; x_wconf 88' lang='lat' dir='ltr'>patri</span> <span class='ocrx_word' id='word_1_139' title='bbox 850 1919 897 1948; x_wconf 86' lang='lat' dir='ltr'>ac</span> <span class='ocrx_word' id='word_1_140' title='bbox 919 1905 1092 1948; x_wconf 92' lang='lat' dir='ltr'>domino</span> <span class='ocrx_word' id='word_1_141' title='bbox 1112 1909 1268 1957; x_wconf 84' lang='lat' dir='ltr'>nostro,</span> <span class='ocrx_word' id='word_1_142' title='bbox 1281 1905 1453 1948; x_wconf 88' lang='lat' dir='ltr'>domino</span> <span class='ocrx_word' id='word_1_143' title='bbox 1473 1905 1678 1948; x_wconf 80' lang='lat' dir='ltr'>Johanni.</span> 
     </span>
    </p>
   </div>
   <div class='ocr_carea' id='block_1_8' title="bbox 163 1996 1605 2601">
    <p class='ocr_par' dir='ltr' id='par_1_9' title="bbox 163 1996 1605 2601">
     <span class='ocr_line' id='line_1_19' title="bbox 1415 1996 1542 2042; baseline -0.016 0"><span class='ocrx_word' id='word_1_144' title='bbox 1415 1996 1464 2042; x_wconf 61' lang='grc' dir='ltr'>ΟΕ.</span> <span class='ocrx_word' id='word_1_145' title='bbox 1487 1996 1542 2041; x_wconf 77' lang='lat' dir='ltr'>ln.</span> 
     </span>
     <span class='ocr_line' id='line_1_20' title="bbox 163 2087 1567 2145; baseline 0.001 -16"><span class='ocrx_word' id='word_1_146' title='bbox 163 2087 410 2131; x_wconf 87' lang='lat' dir='ltr'>Memoriter</span> <span class='ocrx_word' id='word_1_147' title='bbox 428 2089 583 2132; x_wconf 88' lang='lat' dir='ltr'>retinet</span> <span class='ocrx_word' id='word_1_148' title='bbox 602 2089 767 2132; x_wconf 78' lang='lat' dir='ltr'>saneta2</span> <span class='ocrx_word' id='word_1_149' title='bbox 787 2089 991 2132; x_wconf 76' lang='lat' dir='ltr'>sanctitas</span> <span class='ocrx_word' id='word_1_150' title='bbox 1012 2089 1250 2145; x_wconf 75' lang='lat' dir='ltr'>saepedicta.</span> <span class='ocrx_word' id='word_1_151' title='bbox 1420 2088 1469 2133; x_wconf 69' lang='grc' dir='ltr'>(ΣΕ.</span> <span class='ocrx_word' id='word_1_152' title='bbox 1492 2088 1567 2132; x_wconf 77' lang='lat' dir='ltr'>lui.</span> 
     </span>
     <span class='ocr_line' id='line_1_21' title="bbox 163 2179 1581 2237; baseline 0.003 -17"><span class='ocrx_word' id='word_1_153' title='bbox 163 2179 230 2221; x_wconf 87' lang='lat' dir='ltr'>Ex</span> <span class='ocrx_word' id='word_1_154' title='bbox 250 2183 354 2222; x_wconf 86' lang='lat' dir='ltr'>tunc</span> <span class='ocrx_word' id='word_1_155' title='bbox 374 2180 509 2222; x_wconf 80' lang='lat' dir='ltr'>eciam</span> <span class='ocrx_word' id='word_1_156' title='bbox 527 2195 602 2223; x_wconf 83' lang='lat' dir='ltr'>rex</span> <span class='ocrx_word' id='word_1_157' title='bbox 621 2185 664 2223; x_wconf 92' lang='lat' dir='ltr'>et</span> <span class='ocrx_word' id='word_1_158' title='bbox 684 2181 834 2224; x_wconf 88' lang='lat' dir='ltr'>ineolae</span> <span class='ocrx_word' id='word_1_159' title='bbox 850 2181 969 2237; x_wconf 85' lang='lat' dir='ltr'>regni</span> <span class='ocrx_word' id='word_1_160' title='bbox 991 2182 1158 2224; x_wconf 83' lang='lat' dir='ltr'>Scoeiae.</span> <span class='ocrx_word' id='word_1_161' title='bbox 1414 2180 1463 2224; x_wconf 68' lang='grc' dir='ltr'>(Ξῖ.</span> <span class='ocrx_word' id='word_1_162' title='bbox 1487 2179 1581 2224; x_wconf 67' lang='lat' dir='ltr'>inii.</span> 
     </span>
     <span class='ocr_line' id='line_1_22' title="bbox 165 2270 1605 2327; baseline 0.003 -16"><span class='ocrx_word' id='word_1_163' title='bbox 165 2270 278 2312; x_wconf 90' lang='lat' dir='ltr'>Item</span> <span class='ocrx_word' id='word_1_164' title='bbox 299 2284 396 2312; x_wconf 85' lang='lat' dir='ltr'>cum</span> <span class='ocrx_word' id='word_1_165' title='bbox 415 2270 497 2313; x_wconf 87' lang='lat' dir='ltr'>iste</span> <span class='ocrx_word' id='word_1_166' title='bbox 516 2285 591 2312; x_wconf 84' lang='lat' dir='ltr'>rex</span> <span class='ocrx_word' id='word_1_167' title='bbox 610 2270 778 2327; x_wconf 84' lang='lat' dir='ltr'>Angliae</span> <span class='ocrx_word' id='word_1_168' title='bbox 798 2271 1031 2314; x_wconf 86' lang='lat' dir='ltr'>Edwardus</span> <span class='ocrx_word' id='word_1_169' title='bbox 1052 2286 1184 2314; x_wconf 85' lang='lat' dir='ltr'>suam.</span> <span class='ocrx_word' id='word_1_170' title='bbox 1419 2270 1469 2316; x_wconf 63' lang='lat' dir='ltr'>(a.</span> <span class='ocrx_word' id='word_1_171' title='bbox 1493 2271 1605 2316; x_wconf 70' lang='lat' dir='ltr'>lniii.</span> 
     </span>
     <span class='ocr_line' id='line_1_23' title="bbox 166 2360 1564 2418; baseline 0.004 -16"><span class='ocrx_word' id='word_1_172' title='bbox 166 2360 278 2403; x_wconf 90' lang='lat' dir='ltr'>Item</span> <span class='ocrx_word' id='word_1_173' title='bbox 300 2361 525 2417; x_wconf 84' lang='lat' dir='ltr'>Gregorius</span> <span class='ocrx_word' id='word_1_174' title='bbox 545 2361 718 2417; x_wconf 88' lang='lat' dir='ltr'>primus,</span> <span class='ocrx_word' id='word_1_175' title='bbox 739 2361 842 2403; x_wconf 86' lang='lat' dir='ltr'>dum</span> <span class='ocrx_word' id='word_1_176' title='bbox 863 2362 980 2404; x_wconf 83' lang='lat' dir='ltr'>Galli</span> <span class='ocrx_word' id='word_1_177' title='bbox 999 2362 1108 2418; x_wconf 87' lang='lat' dir='ltr'>regis</span> <span class='ocrx_word' id='word_1_178' title='bbox 1128 2362 1254 2405; x_wconf 72' lang='lat' dir='ltr'>filius</span> <span class='ocrx_word' id='word_1_179' title='bbox 1421 2361 1470 2407; x_wconf 61' lang='grc' dir='ltr'>(Ε.</span> <span class='ocrx_word' id='word_1_180' title='bbox 1489 2362 1564 2407; x_wconf 75' lang='lat' dir='ltr'>lix.</span> 
     </span>
     <span class='ocr_line' id='line_1_24' title="bbox 165 2439 1573 2509; baseline 0.004 -15"><span class='ocrx_word' id='word_1_181' title='bbox 165 2452 310 2495; x_wconf 88' lang='lat' dir='ltr'>Refert</span> <span class='ocrx_word' id='word_1_182' title='bbox 330 2452 541 2508; x_wconf 89' lang='lat' dir='ltr'>siquidem</span> <span class='ocrx_word' id='word_1_183' title='bbox 557 2453 671 2509; x_wconf 90' lang='lat' dir='ltr'>quod</span> <span class='ocrx_word' id='word_1_184' title='bbox 690 2453 766 2495; x_wconf 86' lang='lat' dir='ltr'>illo</span> <span class='ocrx_word' id='word_1_185' title='bbox 785 2458 973 2509; x_wconf 87' lang='lat' dir='ltr'>tempore</span> <span class='ocrx_word' id='word_1_186' title='bbox 993 2454 1302 2509; x_wconf 75' lang='lat' dir='ltr'>antiquissimo.</span> <span class='ocrx_word' id='word_1_187' title='bbox 1419 2454 1469 2499; x_wconf 68' lang='grc' dir='ltr'>(ΣΕ.</span> <span class='ocrx_word' id='word_1_188' title='bbox 1491 2453 1549 2499; x_wconf 82' lang='lat' dir='ltr'>lx.</span> <span class='ocrx_word' id='word_1_189' title='bbox 1569 2439 1573 2444; x_wconf 83' lang='lat'>.</span> 
     </span>
     <span class='ocr_line' id='line_1_25' title="bbox 165 2543 1564 2601; baseline 0.003 -15"><span class='ocrx_word' id='word_1_190' title='bbox 165 2543 276 2586; x_wconf 82' lang='lat' dir='ltr'>Filia</span> <span class='ocrx_word' id='word_1_191' title='bbox 296 2544 410 2586; x_wconf 87' lang='lat' dir='ltr'>enim</span> <span class='ocrx_word' id='word_1_192' title='bbox 431 2545 660 2587; x_wconf 85' lang='lat' dir='ltr'>Pharaonis</span> <span class='ocrx_word' id='word_1_193' title='bbox 680 2544 789 2600; x_wconf 86' lang='lat' dir='ltr'>regis</span> <span class='ocrx_word' id='word_1_194' title='bbox 808 2545 984 2601; x_wconf 76' lang='lat' dir='ltr'>AEgipti‚</span> <span class='ocrx_word' id='word_1_195' title='bbox 1005 2559 1113 2587; x_wconf 88' lang='lat' dir='ltr'>cum.</span> <span class='ocrx_word' id='word_1_196' title='bbox 1416 2545 1465 2590; x_wconf 62' lang='grc' dir='ltr'>Οἱ.</span> <span class='ocrx_word' id='word_1_197' title='bbox 1488 2545 1564 2590; x_wconf 75' lang='lat' dir='ltr'>lxi.</span> 
     </span>
    </p>
   </div>
   <div class='ocr_carea' id='block_1_9' title="bbox 166 2635 1587 2692">
    <p class='ocr_par' dir='ltr' id='par_1_10' title="bbox 166 2635 1587 2692">
     <span class='ocr_line' id='line_1_26' title="bbox 166 2635 1587 2692; baseline 0.002 -14"><span class='ocrx_word' id='word_1_198' title='bbox 166 2635 235 2678; x_wconf 92' lang='lat' dir='ltr'>Ad</span> <span class='ocrx_word' id='word_1_199' title='bbox 254 2636 334 2678; x_wconf 86' lang='lat' dir='ltr'>hoe</span> <span class='ocrx_word' id='word_1_200' title='bbox 354 2637 468 2692; x_wconf 90' lang='lat' dir='ltr'>quod</span> <span class='ocrx_word' id='word_1_201' title='bbox 488 2637 593 2679; x_wconf 83' lang='lat' dir='ltr'>dicit</span> <span class='ocrx_word' id='word_1_202' title='bbox 612 2637 726 2692; x_wconf 90' lang='lat' dir='ltr'>quod</span> <span class='ocrx_word' id='word_1_203' title='bbox 747 2636 1002 2679; x_wconf 83' lang='lat' dir='ltr'>Malcolmus</span> <span class='ocrx_word' id='word_1_204' title='bbox 1022 2651 1094 2679; x_wconf 87' lang='lat' dir='ltr'>rex</span> <span class='ocrx_word' id='word_1_205' title='bbox 1118 2637 1285 2680; x_wconf 83' lang='lat' dir='ltr'>Soociae.</span> <span class='ocrx_word' id='word_1_206' title='bbox 1419 2636 1469 2681; x_wconf 68' lang='grc' dir='ltr'>(Ξῖ.</span> <span class='ocrx_word' id='word_1_207' title='bbox 1492 2636 1587 2682; x_wconf 74' lang='lat' dir='ltr'>lxii.</span> 
     </span>
    </p>
   </div>
   <div class='ocr_carea' id='block_1_10' title="bbox 166 2725 1603 2917">
    <p class='ocr_par' dir='ltr' id='par_1_11' title="bbox 166 2725 1603 2917">
     <span class='ocr_line' id='line_1_27' title="bbox 166 2725 1603 2784; baseline 0.005 -17"><span class='ocrx_word' id='word_1_208' title='bbox 166 2725 235 2768; x_wconf 91' lang='lat' dir='ltr'>Ab</span> <span class='ocrx_word' id='word_1_209' title='bbox 254 2726 348 2782; x_wconf 88' lang='lat' dir='ltr'>ipso</span> <span class='ocrx_word' id='word_1_210' title='bbox 367 2727 501 2770; x_wconf 83' lang='lat' dir='ltr'>eciam</span> <span class='ocrx_word' id='word_1_211' title='bbox 519 2741 616 2784; x_wconf 86' lang='lat' dir='ltr'>rege</span> <span class='ocrx_word' id='word_1_212' title='bbox 635 2732 779 2770; x_wconf 89' lang='lat' dir='ltr'>nostro</span> <span class='ocrx_word' id='word_1_213' title='bbox 797 2728 827 2771; x_wconf 84' lang='lat' dir='ltr'><strong>J</strong></span> <span class='ocrx_word' id='word_1_214' title='bbox 830 2728 998 2771; x_wconf 85' lang='lat' dir='ltr'>ohanne</span> <span class='ocrx_word' id='word_1_215' title='bbox 1017 2728 1071 2771; x_wconf 90' lang='lat' dir='ltr'>de</span> <span class='ocrx_word' id='word_1_216' title='bbox 1091 2728 1284 2771; x_wconf 83' lang='lat' dir='ltr'>Balliolo.</span> <span class='ocrx_word' id='word_1_217' title='bbox 1417 2728 1468 2774; x_wconf 64' lang='lat' dir='ltr'>QZ.</span> <span class='ocrx_word' id='word_1_218' title='bbox 1489 2728 1603 2774; x_wconf 74' lang='lat' dir='ltr'>lxiii.</span> 
     </span>
     <span class='ocr_line' id='line_1_28' title="bbox 397 2859 1446 2917; baseline 0 -12"><span class='ocrx_word' id='word_1_219' title='bbox 397 2860 652 2916; x_wconf 60' lang='lat' dir='ltr'>ffixplitivmt</span> <span class='ocrx_word' id='word_1_220' title='bbox 672 2860 814 2917; x_wconf 59' lang='lat' dir='ltr'>mita</span> <span class='ocrx_word' id='word_1_221' title='bbox 833 2859 1116 2916; x_wconf 60' lang='lat' dir='ltr'>capitulorum</span> <span class='ocrx_word' id='word_1_222' title='bbox 1137 2860 1292 2906; x_wconf 54' lang='lat' dir='ltr'>&amp;ciani</span> <span class='ocrx_word' id='word_1_223' title='bbox 1312 2860 1446 2906; x_wconf 71' lang='lat' dir='ltr'>lihri.³</span> 
     </span>
    </p>
   </div>
   <div class='ocr_carea' id='block_1_11' title="bbox 218 2999 1675 3048">
    <p class='ocr_par' dir='ltr' id='par_1_12' title="bbox 218 2999 1675 3048">
     <span class='ocr_line' id='line_1_29' title="bbox 218 2999 1675 3048; baseline 0.004 -16"><span class='ocrx_word' id='word_1_224' title='bbox 218 2999 230 3021; x_wconf 82' lang='lat'>1</span> <span class='ocrx_word' id='word_1_225' title='bbox 247 3001 288 3033; x_wconf 91' lang='lat' dir='ltr'>D.</span> <span class='ocrx_word' id='word_1_226' title='bbox 307 3001 395 3034; x_wconf 75' lang='lat' dir='ltr'>adds</span> <span class='ocrx_word' id='word_1_227' title='bbox 411 3001 471 3036; x_wconf 83' lang='lat' dir='ltr'>ix0.</span> <span class='ocrx_word' id='word_1_228' title='bbox 583 3002 597 3023; x_wconf 82' lang='lat'><strong>²</strong></span> <span class='ocrx_word' id='word_1_229' title='bbox 615 3004 656 3038; x_wconf 88' lang='lat' dir='ltr'>D.</span> <span class='ocrx_word' id='word_1_230' title='bbox 678 3004 814 3039; x_wconf 75' lang='lat' dir='ltr'>vestra.</span> <span class='ocrx_word' id='word_1_231' title='bbox 935 3003 950 3026; x_wconf 83' lang='lat'>³</span> <span class='ocrx_word' id='word_1_232' title='bbox 970 3005 1007 3039; x_wconf 83' lang='lat' dir='ltr'>C.</span> <span class='ocrx_word' id='word_1_233' title='bbox 1028 3005 1090 3038; x_wconf 69' lang='lat' dir='ltr'>has</span> <span class='ocrx_word' id='word_1_234' title='bbox 1103 3004 1261 3048; x_wconf 81' lang='lat' dir='ltr'>Explicit</span> <span class='ocrx_word' id='word_1_235' title='bbox 1277 3004 1423 3038; x_wconf 84' lang='lat' dir='ltr'>rubricae</span> <span class='ocrx_word' id='word_1_236' title='bbox 1441 3004 1565 3038; x_wconf 77' lang='lat' dir='ltr'>Octavi</span> <span class='ocrx_word' id='word_1_237' title='bbox 1582 3004 1675 3039; x_wconf 88' lang='lat' dir='ltr'>libri.</span> 
     </span>
    </p>
   </div>
  </div>
 </body>
</html>
