2008 3360
733 330 859 360 Lmen
880 329 1083 361 OCTAVUS.
1605 323 1622 360 1
1634 322 1654 361 7
1662 322 1684 359 3

175 440 217 477 et
233 439 551 478 coronaverunt.
601 436 684 487 Qui
700 436 834 478 eciam
849 450 923 478 rex
939 437 968 478 J
971 435 1157 477 ohannes
1173 435 1219 476 in
1235 437 1377 476 nostro
1394 434 1688 490 parliamento,

175 494 287 536 sicut
307 494 380 535 alii
409 494 603 536 homines
640 495 774 536 nostri
803 494 915 549 legii,
946 499 989 535 et
1018 497 1161 535 noster
1182 493 1378 535 subditus
1408 493 1616 543 interfuit,
1647 497 1690 534 et

175 552 343 602 nostris,
364 556 570 607 tanquam
599 552 674 594 alii
703 553 865 594 subditi
892 552 1038 604 nostri,
1058 552 1200 606 paruit
1229 551 1455 602 mandatis,
1487 565 1535 593 ac
1565 551 1689 593 nobis

173 610 221 651 in
242 611 439 652 omnibus
461 610 660 652 obediens
682 614 725 652 et
743 610 970 652 intendens
986 611 1018 662 ;l
1039 610 1315 665 quoadusque
1335 610 1450 651 idem
1469 610 1499 652 J
1502 609 1690 651 ohannes

173 682 261 718 rex,
282 672 325 710 et
355 668 429 709 alii
458 682 659 723 proceres,
680 668 844 723 praelati
874 672 916 710 et
940 669 1266 710 communitates
1296 668 1416 723 regni
1445 668 1691 723 supradicti,

175 740 229 768 ex
249 730 540 781 praeconcepta
570 727 740 768 malicia
761 730 803 767 et
819 727 1103 781 praeordinata
1134 730 1262 781 atque
1283 726 1513 780 praelocuta
1544 729 1690 768 contra

175 790 364 826 nostram
405 786 682 840 majestatem,
717 785 763 825 in
802 785 1097 838 praejudicium
1129 784 1263 825 nostri
1286 784 1396 839 juris
1427 784 1690 826 exheredita-

176 842 426 897 cionemque
466 846 654 884 nostram
694 856 742 884 ac
782 842 987 884 heredum
1027 846 1280 892 nostrorum,
1314 845 1460 884 contra
1500 842 1692 883 debitum

176 900 395 942 fidelitatis
440 901 743 955 juramentum,
777 900 889 941 inter
928 914 973 941 se
1013 901 1304 954 conspirantes
1339 901 1604 955 juraverunt,
1644 901 1691 941 in

177 958 338 1000 crimen
357 958 467 1000 laesae
487 958 722 1013 majestatis
744 958 939 1012 nequiter
958 958 1198 1001 incidendo.

479 1108 692 1161 §equitat
714 1107 763 1150 ah
787 1107 863 1150 huc
884 1107 931 1151 he
951 1107 1211 1153 nubtum—GL
1232 1107 1385 1151 xxxiiii.

191 1198 436 1266 &NDE
459 1229 557 1257 cum
574 1215 791 1270 praemissa
813 1229 865 1257 ex
887 1215 1004 1257 fideli
1026 1215 1246 1267 relacione,
1268 1216 1382 1257 fama
1401 1215 1573 1270 publica
1594 1230 1692 1257 con-

177 1274 404 1324 senciente,
425 1274 477 1315 ad
510 1279 674 1315 nostras
707 1287 828 1315 aures
861 1273 1155 1328 pervenisset,2
1174 1273 1366 1315 volentes
1398 1275 1555 1315 futuris
1586 1288 1688 1328 prae-

177 1346 324 1374 cavere
345 1332 545 1386 periculis
577 1347 672 1386 quae
703 1346 756 1373 ex
787 1332 884 1373 aliis
915 1337 1089 1386 possent
1110 1332 1234 1373 nobis
1256 1335 1299 1373 et
1320 1346 1448 1387 regno
1470 1337 1613 1373 nostro
1645 1346 1693 1373 ac

175 1390 294 1445 regni
329 1391 463 1431 nostri
495 1391 645 1432 incolis
676 1390 973 1432 veresimiliter
1004 1391 1238 1444 provenire,
1268 1405 1344 1445 pro
1375 1390 1690 1432 assecuracione

176 1448 294 1503 regni
325 1450 458 1490 nostri
489 1449 743 1490 accessimus
779 1449 833 1490 ad
869 1449 1101 1489 confinium
1136 1449 1255 1503 regni
1287 1449 1521 1503 utriusque,
1552 1449 1692 1490 eidem

177 1507 369 1549 «Iohanni
389 1511 433 1548 et
452 1507 646 1561 pluribus
668 1507 762 1547 aliis
782 1507 1010 1556 mandatis,
1025 1512 1129 1548 tunc
1151 1521 1199 1548 eo
1220 1521 1315 1561 rege
1338 1507 1559 1556 existente,
1575 1508 1691 1561 quod

178 1564 231 1606 ad
262 1569 425 1606 certum
454 1565 596 1606 locum
626 1566 672 1606 in
693 1566 875 1606 confinio
896 1565 1089 1619 praedicti
1110 1565 1229 1619 regni
1261 1565 1315 1606 ad
1337 1579 1412 1607 nos
1434 1565 1692 1615 accederent,

178 1636 254 1677 pro
276 1626 393 1664 statu
424 1627 466 1664 et
495 1637 597 1677 pace
618 1623 736 1677 regni
756 1623 979 1677 utriusque
1007 1637 1055 1664 ac
1086 1623 1400 1676 tranquillitate
1432 1637 1507 1677 per
1542 1637 1618 1665 nos
1649 1629 1693 1665 et

179 1681 405 1721 consilium
444 1685 636 1722 nostrum
669 1681 751 1722 sibi
784 1681 1092 1723 denunciandis
1127 1681 1362 1730 auditurus,
1402 1685 1446 1722 et
1481 1695 1607 1736 super
1642 1696 1690 1723 ea

180 1753 274 1792 quae
295 1743 554 1780 concernunt
570 1738 804 1780 utilitatem
820 1753 1043 1793 regnorum
1059 1738 1278 1793 justiciam
1298 1743 1554 1793 recepturus.
1607 1739 1693 1789 Qui

178 1798 207 1838 J
211 1796 399 1838 ohannes
430 1811 515 1847 rex,
537 1797 691 1862 spretis
721 1797 937 1838 mandatis
970 1797 1138 1846 nostris,
1158 1796 1204 1837 111
1237 1810 1314 1838 sua
1346 1797 1616 1838 contumacia
1646 1801 1690 1839 et

178 1855 360 1920 perfidia
404 1855 710 1896 contumaciter
748 1855 991 1909 persistens,
1031 1855 1085 1895 ad
1129 1854 1303 1896 bellicos
1344 1858 1553 1909 aparatus,
1594 1868 1693 1896 cum

177 1913 397 1968 episcopis,
424 1914 651 1954 baronibus
683 1916 726 1954 et
754 1913 998 1967 proceribus
1027 1913 1157 1967 regni,
1185 1916 1330 1953 contra
1364 1926 1441 1954 nos
1472 1916 1515 1954 et
1545 1916 1691 1954 contra

178 1971 296 2025 regni
327 1972 461 2013 nostri
495 1971 655 2012 incolas
687 1970 902 2012 hostiliter
936 1985 980 2012 se
1016 1974 1266 2012 convertens
1296 1971 1507 2022 accinxit;
1548 1974 1601 2021 et,
1636 1971 1691 2012 ad

178 2028 355 2070 hostiles
388 2043 606 2084 aggressus
636 2034 679 2070 et
708 2030 904 2071 incursus
935 2029 1178 2084 procedenS,
1208 2043 1386 2083 regnum
1421 2032 1614 2070 nostrum
1650 2033 1693 2070 et

179 2090 312 2127 terras
346 2092 512 2128 nostras
547 2088 754 2128 vastando
789 2087 959 2138 invasit,
995 2101 1043 2128 ac
1073 2087 1199 2128 vfflas
1235 2087 1442 2141 quasdam
1484 2091 1526 2128 et
1565 2087 1694 2141 opida

180 2144 439 2198 depraedavit
460 2148 502 2186 et
523 2145 719 2186 incendio
737 2145 949 2199 spoliavit,
971 2145 1164 2186 homines
1186 2149 1350 2186 nostros
1371 2145 1539 2195 occidit,
1560 2159 1691 2187 naves

180 2202 395 2254 incendit3
430 2206 483 2251 et,
507 2203 684 2244 redditis
716 2203 840 2244 nobis
877 2203 1082 2244 fidelitate
1112 2207 1155 2244 et
1185 2203 1391 2257 homagio,
1421 2207 1511 2244 tam
1541 2217 1616 2257 pro
1647 2217 1692 2245 se

180 2273 310 2313 quam
329 2274 404 2314 pro
425 2260 522 2301 aliis
553 2261 640 2301 suis
670 2261 906 2315 regnicolis,
926 2275 1001 2314 per
1022 2261 1148 2301 verba
1173 2260 1434 2311 diffidenciae,
1464 2261 1692 2303 comitatus

178 2321 343 2359 nostros
357 2318 400 2358 N
402 2318 685 2367 orthumbriae,
700 2319 911 2360 Cumbriae
924 2317 1310 2371 etWestmurland3
1325 2318 1490 2373 ingenti
1505 2320 1694 2362 exercitu

178 2376 377 2426 vastavit,
398 2389 445 2417 ac
471 2375 679 2425 incendio,
700 2380 750 2417 ut
780 2376 1065 2430 praemittitur,
1087 2376 1367 2430 depraedando
1388 2381 1431 2418 et
1451 2376 1691 2419 invadendo

178 2448 254 2488 per
283 2447 327 2476 se
357 2438 400 2475 et
430 2447 539 2483 suos,
569 2433 924 2475 innumerabilem
953 2434 1177 2475 hominum
1206 2434 1532 2476 multitudinem
1561 2435 1692 2477 inter-

178 2492 279 2533 fecit
296 2508 305 2543 ;
338 2492 535 2534 ecclesias
565 2491 783 2546 plurimas,
815 2506 864 2533 ac
900 2492 1034 2533 eciam
1063 2492 1317 2533 monasteria
1350 2493 1447 2547 igne
1478 2506 1692 2544 succensa,

180 2550 448 2605 sacrilegium
487 2550 779 2591 inhumaniter
817 2550 1077 2604 perpetravit
1093 2566 1103 2602 ;
1141 2550 1327 2592 infantes
1366 2551 1413 2592 in
1452 2552 1693 2602 cunabilis}

181 2608 378 2650 mulieres
405 2611 657 2662 pregnantes
679 2612 722 2649 et
742 2609 789 2649 in
809 2608 1041 2662 puerperio,
1062 2612 1260 2650 necantes
1282 2612 1324 2650 et
1343 2609 1541 2650 atrociter
1560 2611 1691 2651 truci-

184 2665 331 2707 dantes
349 2682 358 2717 ;
394 2671 447 2716 et,
469 2666 582 2720 quod
603 2666 771 2707 auditui
791 2666 1015 2707 hominum
1035 2666 1293 2707 horrendum
1313 2671 1377 2708 est
1390 2671 1433 2708 et
1448 2667 1690 2717 absurdum,

183 2724 400 2766 nonnullis
430 2724 679 2766 mulieribus
710 2724 965 2766 mammillas
999 2738 1023 2765 a
1043 2725 1284 2779 pectoribus
1316 2725 1613 2777 absciderunt3
1648 2730 1692 2767 et

184 2794 283 2822 cum
308 2782 387 2823 hoc
417 2796 567 2837 parvos
589 2782 828 2824 clericulos⁵
847 2782 891 2823 in
914 2782 1037 2824 scolis
1057 2783 1377 2837 grammaticam
1397 2783 1694 2832 addiscentes,⁶

231 2902 244 2924 1
261 2906 297 2936 et
313 2903 497 2938 intendens
516 2906 550 2938 in
566 2907 699 2946 margsin
714 2906 807 2939 later.
1173 2905 1186 2926 2
1204 2907 1242 2939 B.
1262 2907 1513 2949 pervenissent.

230 2948 244 2970 3
262 2951 298 2983 B.
322 2951 359 2983 D.
379 2952 691 2986 Westmerlandiae.
1172 2951 1186 2973 4
1203 2954 1240 2986 Β.
1261 2954 1452 2986 cunabulis.

231 2995 245 3017 ⁵
263 2997 299 3030 B.
321 2998 361 3031 D.
380 3009 441 3041 per
457 3010 519 3031 nos
536 2999 710 3033 clericulo.
923 2998 938 3020 ⁰
954 3000 992 3033 B.
1013 3001 1053 3033 D.
1074 3000 1302 3035 addiscerent.
1353 3002 1389 3034 C.
1408 3001 1447 3034 E.
1465 3011 1590 3034 resume
1603 3001 1687 3035 here.
