2008 3360
721 339 845 369 LIBER
868 338 1072 370 OCTAVUS.
1594 326 1672 365 195

162 445 389 489 custodum
401 445 600 501 regimen,
615 444 901 500 nullumque
885 458 957 499 Jus
978 443 1093 486 sibi
1081 457 1128 485 10
1148 443 1263 486 (11010
1283 456 1411 499 regno
1432 446 1670 497 competere

160 510 266 547 tunc
300 504 348 546 in
383 504 498 546 dicto
532 517 661 559 regno
695 503 962 553 vendicabat,
994 506 1143 557 utpote
1177 501 1371 544 nondum
1403 501 1455 542 ad
1488 500 1584 550 11110,
1620 503 1670 541 111

160 567 308 629 postea
328 563 423 613 fuit,
438 562 485 603 in
505 567 646 617 partes
675 561 871 611 13001310,
890 537 1095 615 nulloque
1117 574 1242 615 super
1261 560 1341 602 hoc
1361 559 1669 614 impedimento

159 635 235 676 per
263 621 407 676 11101110
433 634 575 676 regem
603 620 774 675 Angliae
804 619 948 661 dictis1
978 633 1053 661 sex
1083 619 1330 661 custodibus
1359 617 1565 673 praestito,
1593 630 1670 671 1101

160 679 355 734 spacium
385 692 458 721 sex
490 692 697 720 annorum
727 682 771 720 et
799 677 923 728 ultra,
953 677 1109 732 quibus
1144 677 1382 719 custodiam
1416 676 1522 718 dicti
1550 674 1671 729 regni

160 737 428 790 habuerunt;
463 737 596 779 donec
617 740 661 778 et
681 749 902 791 quousque
931 736 979 776 in
999 735 1114 777 dicto
1143 749 1271 791 regno
1302 734 1459 777 Scociae
1488 733 1670 775 suboriri

161 795 292 850 0001111
317 795 520 862 ‘quaedam
557 794 835 837 discensionis
874 794 1052 835 materia
1091 807 1219 848 super
1253 794 1349 848 jure
1389 791 1669 835 successionis

160 853 281 908 regni
313 853 426 895 inter
455 856 589 895 certas
623 856 777 907 partes,
805 855 904 917 post
937 855 1118 893 mortem
1147 853 1397 906 Margaretae
1431 850 1530 891 filiae
1559 849 1669 904 regis

161 912 436 977 Norowegiae,
465 911 608 976 neptis
638 910 744 952 dicti
772 910 882 965 regis
912 909 1158 961 Alexandri,
1179 924 1274 964 quae
1304 910 1388 951 fuit
1416 923 1517 951 vera
1546 908 1669 950 heres

160 970 279 1025 regni
313 970 417 1011 dum
450 969 573 1019 vixit,
607 973 775 1010 mortua
808 973 952 1010 131000
991 968 1038 1008 10
1077 968 1372 1033 puellaritate:
1411 972 1508 1022 post
1547 966 1669 1032 cujus

160 1032 342 1070 mortem
371 1027 576 1069 suscitata
605 1030 671 1068 est
690 1026 900 1068 discordia
928 1039 1084 1080 magna
1112 1026 1224 1068 inter
1243 1039 1434 1080 proceres
1464 1025 1596 1080 regni,
1617 1024 1670 1066 de

156 1087 252 1141 jure
291 1085 450 1140 pociori
485 1084 722 1126 sertantes.'2
786 1085 867 1126 Per
898 1084 1013 1139 quod
1052 1084 1179 1126 idem
1206 1098 1281 1126 rex
1321 1083 1500 1139 Angliae,
1532 1083 1669 1137 primo

160 1145 324 1198 fingens
354 1143 540 1185 exterius
571 1156 616 1185 se
647 1156 717 1184 eos
747 1142 858 1184 velle
893 1142 1146 1184 concordare
1176 1146 1218 1183 et
1248 1156 1343 1196 quae
1377 1143 1495 1196 pacis
1527 1144 1670 1183 essent

159 1206 339 1244 tractare
368 1202 416 1242 in
446 1201 593 1243 Scocia
622 1200 735 1242 inter
763 1204 905 1255 partes
936 1201 1107 1250 divisas,
1128 1203 1171 1243 et
1202 1200 1275 1251 sic,
1304 1205 1511 1254 tanquam
1540 1200 1669 1254 lupus

159 1260 239 1302 sub
274 1259 447 1315 agnino3
481 1259 647 1309 vellere,
679 1259 800 1314 regni
831 1259 966 1313 ipsius
1001 1258 1255 1301 tractatibus
1287 1256 1373 1299 non
1408 1260 1584 1299 vocatus
1625 1262 1670 1299 'se

158 1319 366 1373 ingerens,
401 1320 444 1360 et
480 1317 563 1359 sibi
597 1317 752 1359 allecta
786 1317 920 1359 altera
954 1321 1074 1371 parte
1109 1316 1263 1359 callide
1294 1330 1516 1371 procerum
1550 1315 1670 1370 regni

159 1376 526 1426 contendencium‚
546 1375 661 1430 quod
680 1375 831 1418 videns
860 1374 1025 1430 reliqua
1054 1389 1151 1430 pars
1182 1375 1263 1417 sibi
1283 1375 1477 1416 resistere
1507 1374 1674 1425 noluit3

159 1438 203 1476 et
233 1434 293 1476 010
314 1434 366 1476 de
396 1435 519 1485 facto,
538 1434 640 1476 licet
669 1448 757 1476 non
786 1434 839 1475 de
865 1434 973 1488 jure,
997 1434 1117 1489 regni
1145 1434 1262 1475 illius
1293 1438 1461 1488 pastore
1491 1432 1672 1474 desolati

160 1493 243 1534 sibi
261 1492 486 1547 usurpavit
506 1492 743 1535 custodiam
763 1506 838 1547 per
858 1493 1185 1547 oppressionem,
1204 1492 1295 1533 vim
1315 1495 1359 1533 et
1378 1495 1555 1541 metum,
1575 1504 1671 1545 quae

160 1551 308 1592 cadere
347 1554 546 1606 poterant
584 1550 631 1591 in
674 1554 941 1592 constantem
979 1551 1130 1592 virum.
1220 1550 1288 1600 Et,
1327 1550 1429 1591 licet
1479 1550 1672 1591 Romana

160 1608 339 1650 ecclesia
366 1612 470 1651 tunc
490 1622 566 1663 pro
586 1612 707 1663 parte
726 1609 862 1664 ipsius
882 1608 1017 1663 regni*
1038 1622 1179 1650 coram
1200 1608 1305 1662 ipso,
1326 1608 1437 1649 sicut
1458 1613 1558 1657 erat,
1578 1608 1671 1661 ipse

158 1672 305 1708 tamen
337 1680 413 1708 rex
452 1666 753 1721 allegacionem
791 1666 1039 1721 hujusmodi
1078 1666 1302 1708 admittere
1335 1665 1486 1716 noluit,
1525 1678 1672 1720 ymmo

163 1738 305 1766 coram
335 1724 413 1766 sic5
433 1725 593 1766 dixisse
615 1738 659 1766 se
679 1725 880 1774 noscitur,
900 1728 950 1765 ut
971 1738 996 1766 a
1015 1724 1156 1766 verbis
1188 1724 1277 1766 01110
1307 1738 1395 1765 000
1424 1723 1671 1765 recedatur:

162 1783 219 1824 Et
235 1782 271 1824 si
286 1782 383 1837 quis
403 1783 611 1838 presbiter
630 1783 847 1824 Romanus
863 1782 995 1824 vellet
1014 1796 1090 1836 pro
1110 1782 1306 1824 libertate
1328 1782 1486 1823 Scociae
1507 1780 1672 1835 aliquid

161 1855 246 1895 quo
267 1841 320 1882 ad
336 1854 434 1882 eum
455 1841 605 1891 dicere,
625 1841 846 1906 oportebat
866 1854 964 1883 eum
984 1840 1225 1882 Londonias
1240 1840 1398 1890 venire,
1418 1843 1461 1881 et
1481 1839 1556 1880 illa
1576 1852 1672 1893 quae

161 1899 293 1941 vellet
322 1899 384 1940 ibi
413 1912 644 1954 proponere
665 1913 804 1941 coram
824 1899 928 1953 ipso.
988 1899 1079 1940 Nec
1111 1899 1245 1941 001310
1275 1898 1390 1939 idem
1419 1911 1505 1948 rex,
1530 1897 1577 1938 in
1597 1897 1670 1938 ad-

161 1961 296 1998 ventu
327 1970 404 1999 suo
439 1958 608 2012 proprio
645 1961 751 1999 tunc
786 1957 840 1998 ad
874 1970 1053 2012 regnum
1086 1957 1231 2011 ipsum
1272 1956 1443 2006 Scociae,
1477 1968 1670 2010 proceres

163 2015 353 2070 ejusdem
372 2015 494 2070 regni
514 2020 634 2057 extra
653 2015 805 2070 ipsius⁶
823 2015 982 2057 limites
1003 2029 1143 2057 coram
1164 2029 1208 2056 se
1228 2014 1382 2056 habere
1402 2014 1544 2069 potuit
1562 2013 1673 2068 peti-

161 2076 251 2114 tam
272 2073 325 2114 ab
346 2086 394 2114 eo
414 2073 637 2115 licenciam
658 2074 709 2115 de
729 2073 880 2128 gracia,
900 2087 1030 2128 quam
1058 2073 1225 2128 patenti
1253 2073 1372 2128 prius
1403 2072 1559 2126 scripto
1580 2072 1671 2126 ipse

163 2135 341 2180 caveret,
373 2131 428 2172 ad
462 2131 672 2173 cautelam
705 2131 916 2173 libertatis
956 2132 1153 2181 obtentae,
1193 2131 1383 2185 ejusdem
1428 2130 1672 2185 proceribus

164 2188 298 2230 eciam
322 2189 414 2243 jam
442 2188 489 2230 in
518 2194 659 2243 partes
680 2189 842 2239 divisis,
862 2189 976 2244 quod
996 2189 1243 2243 hujusmodi
1273 2202 1468 2230 accessus
1498 2188 1552 2229 ad
1573 2201 1672 2229 eum

162 2251 283 2288 extra
305 2260 483 2301 regnum
511 2247 559 2287 in
586 2247 706 2302 regni
735 2247 870 2302 ipsius
900 2261 987 2288 non
1016 2247 1272 2288 redundaret
1301 2246 1608 2301 praejudicium,
1630 2250 1674 2287 et

164 2304 278 2359 quod
312 2317 400 2345 non
430 2318 483 2346 ex
512 2304 657 2346 debito
692 2305 767 2346 sed
797 2318 850 2346 ex
884 2305 1024 2359 gracia
1058 2305 1139 2346 1100
1168 2304 1360 2346 faciebat.
1421 2304 1501 2345 Per
1535 2304 1671 2358 ipsius

164 2362 300 2404 eciam
320 2361 558 2417 solempnes
579 2362 770 2412 nuncios,
790 2362 1021 2416 episcopos,
1041 2363 1134 2412 via,
1155 2363 1329 2404 comites
1351 2365 1394 2404 et
1413 2362 1603 2412 barones,
1618 2361 1673 2403 ad

163 2420 244 2462 hoc
284 2420 524 2474 specialiter
563 2420 799 2475 deputatos,
839 2420 1114 2474 solempniter
1151 2420 1347 2475 promisit
1388 2434 1464 2462 rex
1503 2420 1673 2475 Angliae

163 2478 378 2533 praefatus,
399 2478 563 2519 dudum
592 2481 737 2520 autem
766 2482 811 2520 et
838 2491 968 2533 regno
996 2481 1174 2520 vacante
1199 2478 1368 2529 Scociae,
1399 2478 1513 2533 quod
1548 2479 1585 2520 si
1620 2478 1673 2519 de

164 2536 434 2578 matrimonio
447 2536 676 2591 praelocuto
690 2535 977 2578 contrahendo
990 2536 1102 2578 inter
1112 2537 1215 2578 Edw
1221 2537 1381 2585 ardum,
1394 2537 1532 2578 filium
1546 2550 1673 2578 suum

164 2594 509 2649 primogenitum,
530 2598 572 2636 et
601 2595 896 2649 Margaretam,
918 2594 1023 2636 dicti
1041 2595 1160 2649 regni
1188 2595 1381 2650 [8000130]
1411 2595 1610 2637 heredem
1631 2598 1674 2636 et

165 2652 393 2703 dominam,
404 2655 508 2694 tunc
522 2653 803 2707 superstitem,
817 2651 1063 2708 contigeret⁷
1077 2653 1231 2695 liberos
1246 2667 1332 2694 non
1348 2658 1503 2704 extare,
1519 2667 1564 2695 se
1582 2667 1675 2707 reg—

165 2723 270 2750 num
298 2710 441 2764 ipsum
469 2711 721 2765 praedictum
753 2710 908 2753 Scociae
937 2710 1080 2761 libere,
1101 2711 1192 2753 sine
1212 2725 1480 2766 quocumque
1511 2711 1673 2766 subjec-

166 2767 299 2809 cionis
312 2768 484 2819 clameo,
499 2769 720 2811 restituere
733 2769 975 2824 proceribus
987 2769 1118 2824 regni,
1134 2772 1176 2811 et
1192 2769 1283 2811 sine
1298 2769 1389 2811 ulla
1404 2782 1674 2824 quacumque

230 2909 241 2930 ¹
259 2910 297 2943 G.
316 2910 487 2943 dominus.
536 2911 577 2943 E.
596 2911 755 2943 dominis.
900 2909 913 2931 2
930 2911 968 2944 B.
989 2911 1028 2944 E.
1050 2914 1234 2944 certantes.
1388 2910 1402 2931 3
1419 2911 1461 2944 D.
1482 2911 1562 2954 agni
1580 2922 1671 2944 vero.

230 2956 243 2976 4
261 2957 296 2989 O.
318 2958 355 2989 E.
376 2958 447 2990 add
463 2958 590 2990 8000130
610 2958 734 2990 fuisset
752 2958 932 2991 nominata
949 2958 1090 2991 domina
1107 2958 1263 3000 ejusdem
1281 2958 1389 3002 regni.

230 3002 244 3024 ⁵
262 3003 299 3035 Β.
318 3014 354 3035 sc
372 3005 442 3036 and
459 3007 538 3036 omit
546 3005 723 3046 followinq
740 3016 784 3037 se.
892 3004 906 3025 ὓ
924 3006 960 3038 C.
982 3006 1019 3037 E.
1039 3006 1111 3038 aad
1129 3005 1235 3048 regni.
1388 3003 1399 3026 7
1419 3005 1457 3036 Β.
1477 3004 1672 3047 contigerit.
