1968 3360
747 326 874 359 LIBER
889 326 1114 358 SEPTIMUS.
1631 318 1654 356 6
1661 318 1683 356 3

175 549 393 606 §amitat
419 550 468 596 112
496 548 636 605 &abib
675 548 725 594 122
763 547 1115 606 &dapmnum
1142 547 1185 592 et
1211 546 1277 592 1¹21
1296 545 1394 602 zius
1422 546 1581 597 morte:
1610 545 1684 591 zeh

262 615 764 740 Ξὶτέἓέῗ-(ἑῗὶξῖξὴεητ
792 615 962 660 actibus
988 613 1105 671 regis
1124 612 1368 668 guxanhri
1389 614 1535 658 :natta
1553 626 1686 669 tegent

180 775 376 840 ΕΗΒ
404 792 549 847 itaque
571 790 831 846 temporibus
851 789 1028 832 barones
1052 794 1096 833 et
1113 789 1278 832 nobiles
1297 770 1478 844 Angliae„
1497 801 1584 830 non
1604 788 1687 831 fer-

179 855 298 894 entes
311 851 557 906 gravamina
574 849 684 905 regis
698 848 867 903 Angliae
883 849 912 890 J
915 848 1106 899 ohannis,
1121 852 1165 890 et
1184 848 1275 903 ejus
1288 847 1486 889 abusivas
1510 860 1686 889 consue-

178 910 350 952 tudines
376 908 573 963 nequiter
599 906 752 949 assisas
783 919 889 960 quas
918 906 1073 948 cotidie
1101 904 1360 955 inducebat,3
1380 905 1597 947 communi
1623 905 1687 948 se⁴

173 968 416 1023 juramento
446 963 763 1014 astrinxerunt?
782 967 833 1005 ut
860 964 1121 1006 unanimiter
1150 964 1265 1019 apud
1295 977 1437 1019 regem
1465 963 1687 1014 instarent,

179 1031 223 1068 et
250 1030 302 1067 ut
330 1024 527 1079 antiquas
546 1023 763 1065 libertates
793 1026 837 1064 et
865 1021 1096 1077 previlegia
1128 1022 1249 1076 regni
1282 1026 1326 1063 et
1357 1021 1686 1064 consuetudines

177 1082 425 1132 laudabiles,
454 1080 597 1137 prout⁶
629 1085 819 1136 tempore
857 1080 980 1122 bonae
1013 1080 1227 1121 memoriae
1257 1079 1436 1121 Henrici
1475 1079 1687 1122 Beuclerk

177 1141 262 1182 fuit
290 1141 569 1190 observatum,
587 1142 678 1181 tam
698 1137 883 1181 ecclesiae
912 1151 1042 1192 quam
1064 1151 1207 1193 regno,
1236 1137 1406 1179 easdem
1434 1137 1687 1193 indempnas

175 1198 487 1253 inviolatasque
520 1197 759 1239 observaret
774 1211 786 1249 ;
814 1209 910 1251 quae
937 1195 1161 1251 privilegia
1180 1198 1223 1238 et
1252 1195 1471 1238 libertates
1490 1196 1582 1251 ipse
1611 1209 1688 1238 rex

177 1256 392 1299 Henridus
421 1255 535 1298 filius
564 1254 776 1297 Willelmi
808 1253 1000 1304 Bastard,
1034 1253 1090 1296 ad
1122 1253 1379 1296 instanciam
1409 1253 1565 1308 reginae
1599 1267 1688 1296 suae

178 1314 385 1365 Matildis,
404 1314 525 1356 bonae
552 1313 708 1369 reginae
726 1312 908 1368 Angliae,
930 1311 1030 1354 filiae
1052 1312 1130 1354 viz.
1152 1311 1375 1354 Malcolmi
1399 1311 1509 1367 regis
1530 1311 1687 1354 Scociae

178 1377 223 1415 et
254 1373 390 1415 beatae
424 1372 678 1428 Margaritae,
712 1371 946 1423 concessit3
975 1375 1019 1413 et
1051 1384 1128 1426 pro
1162 1383 1303 1412 amore
1336 1370 1456 1412 illius
1484 1370 1688 1425 praedicto

178 1429 510 1487 imperpetuum⁷
529 1443 657 1485 regno
677 1442 886 1472 concessae
904 1429 1080 1470 fuerunt
1098 1432 1141 1470 et
1161 1428 1430 1478 confirmatae,
1451 1428 1688 1470 secundum

179 1490 370 1545 ejusdem
383 1488 599 1544 [Hem-ici]
615 1488 725 1543 regis
740 1492 866 1530 cartae
882 1500 1009 1542 super
1019 1487 1099 1529 hoc
1114 1487 1317 1529 confectae
1330 1490 1544 1538 tenorem3
1564 1486 1687 1541 cujus

179 1551 301 1590 tenor
312 1547 505 1602 sequitur
518 1546 565 1588 in
576 1545 673 1588 hac⁸
687 1546 822 1588 forma
832 1545 879 1587 in
895 1545 1058 1597 effectu,
1074 1545 1121 1587 in
1136 1545 1423 1600 sequentibus,
1438 1548 1515 1586 etc.
1530 1543 1563 1596 ;⁹
1582 1545 1687 1586 alio—

178 1606 286 1661 quin
298 1606 351 1648 ab
363 1606 455 1660 ejus
467 1604 712 1647 obediencia
723 1608 766 1646 et
778 1603 966 1646 dominio
978 1617 1023 1646 80
1033 1603 1341 1646 subtraherent.
1371 1603 1488 1654 Quos
1501 1616 1599 1645 cum
1611 1617 1687 1645 rex

179 1678 256 1720 per
274 1664 425 1706 falsam
452 1663 774 1719 promissionem
802 1661 995 1718 repetitis
1014 1661 1233 1704 induciis¹⁰
1251 1660 1572 1717 protraxisset,11
1591 1664 1688 1703 tan-

180 1723 278 1765 dem
296 1722 556 1764 unanimiter
574 1725 720 1763 contra
739 1734 839 1763 eum
858 1720 1071 1771 concitati,
1085 1719 1279 1762 inducias
1294 1722 1497 1775 negantes
1513 1719 1607 1769 sibi,
1622 1719 1687 1774 ip-

180 1781 268 1823 sius
284 1780 544 1834 colloquium
555 1779 752 1830 vitantes,
767 1782 811 1821 et
826 1778 953 1820 armis
965 1792 1055 1820 rem
1069 1782 1231 1834 gestam
1246 1777 1500 1833 perimplere
1515 1777 1688 1832 dispon-

179 1843 310 1889 entes,
329 1838 490 1894 pulsati
508 1837 703 1893 precibus
730 1841 774 1880 et
801 1836 1031 1892 promissis,
1050 1850 1191 1891 regem
1216 1835 1372 1878 Scociae
1391 1835 1688 1877 Alexandrum

179 1901 224 1939 et
262 1896 491 1939 Leulinum
523 1895 680 1938 Valliee
718 1909 859 1950 regem
892 1894 1052 1937 eisdem
1091 1893 1465 1936 confoederacionis
1505 1893 1687 1935 nexibus

177 1955 405 1997 baronibus
425 1953 596 2009 Angliae
615 1954 972 2003 constrinxerunt,
986 1966 1074 1994 non
1093 1953 1289 1994 obstante
1310 1951 1425 2007 quod
1443 1965 1519 1994 rex
1532 1951 1688 1993 Valliae

178 2013 312 2055 filiam
333 2012 438 2055 dicti
456 2012 566 2068 regis
585 2013 615 2055 ‚J
617 2011 797 2054 ohannis
822 2025 899 2067 per
916 2011 1034 2067 prius
1065 2010 1246 2053 duxerat
1274 2010 1320 2052 in
1344 2023 1529 2051 uxorem.
1591 2009 1689 2052 Gol-

176 2070 300 2113 lectis
311 2071 442 2126 igitur
451 2070 614 2112 viribus
625 2084 701 2125 per
711 2083 852 2125 regem
866 2069 1172 2120 Alexandrum,
1184 2069 1231 2110 in
1244 2068 1448 2124 Angliam
1463 2068 1688 2123 ingressus,

179 2127 530 2171 Northumbriam
556 2128 811 2183 subjugavit,
830 2132 874 2170 et
893 2127 1138 2183 homagium
1166 2126 1389 2168 hominum
1409 2126 1531 2180 cepit.
1594 2125 1688 2176 Quo

181 2187 339 2237 audito,
357 2200 431 2228 rex
450 2187 480 2229 J
482 2186 681 2237 ohannes,
695 2186 743 2228 in
763 2186 954 2228 Scociam
971 2199 1151 2241 pergens
1166 2199 1265 2227 cum
1285 2184 1522 2226 satellitum
1540 2184 1688 2226 multi-

181 2245 343 2295 tudine,
363 2244 506 2286 omnia
537 2257 632 2298 quae
663 2244 849 2299 repperit
878 2243 1133 2286 destruendo
1153 2246 1196 2285 et
1214 2242 1422 2285 vastando
1442 2242 1688 2293 combussit,

180 2303 259 2345 viz.
276 2303 456 2344 Dunbar
475 2305 518 2344 et
533 2301 796 2357 Hadington,
815 2306 859 2343 et
877 2301 962 2343 alia
980 2301 1074 2343 loca
1084 2300 1232 2343 multa.
1292 2300 1386 2343 Rex
1398 2303 1542 2342 autem
1555 2299 1689 2342 Alex-

181 2360 323 2411 ander,
342 2360 493 2415 majori
511 2359 708 2415 potencia
727 2359 916 2409 collecta,
931 2361 1202 2414 congressum
1222 2372 1320 2401 cum
1333 2358 1571 2414 Anglorum
1591 2372 1688 2414 rege

180 2419 335 2461 habere
354 2422 595 2474 peroptans,
609 2417 723 2472 apud
742 2417 952 2459 Pentland
969 2420 1290 2459 castrametatus
1306 2421 1394 2469 est;
1423 2416 1498 2459 sed
1516 2430 1592 2459 rex
1612 2417 1641 2459 J
1644 2431 1689 2458 o-

180 2477 355 2528 hannes,
376 2476 512 2519 sciens
533 2476 624 2531 ejus
643 2475 950 2526 fortitudinem,
971 2489 1151 2518 curvans
1170 2475 1286 2517 viam
1306 2488 1438 2526 suam,
1458 2489 1534 2530 per
1559 2474 1687 2516 aliam

180 2536 297 2577 viam
307 2548 499 2577 reversus
516 2539 580 2576 est
595 2534 642 2575 in
657 2533 869 2589 regionem
888 2547 1019 2576 suam.
1081 2533 1166 2584 Qui
1185 2533 1320 2575 eciam
1339 2534 1522 2575 fremens
1542 2537 1689 2575 contra

180 2593 357 2635 barones
391 2606 501 2642 suos,
535 2606 589 2634 ex
627 2605 755 2633 causa
782 2591 1062 2647 praeallegata,
1095 2592 1144 2633 in
1175 2591 1326 2634 itinere
1356 2605 1434 2633 suo
1462 2591 1688 2634 remeando

181 2665 327 2694 omnes
342 2655 474 2694 terras
494 2664 640 2693 eorum
655 2663 766 2700 ense,
781 2650 874 2692 foco
894 2649 972 2692 et12
984 2650 1133 2705 rapina
1150 2650 1355 2702 vastavit;
1375 2652 1429 2700 et,
1443 2649 1687 2704 incipiendo

246 2767 258 2789 ¹
276 2768 313 2802 O.
332 2768 372 2801 E.
391 2769 472 2801 omit
488 2768 544 2802 de.

245 2814 260 2837 2
276 2815 321 2848 In
337 2816 376 2849 Ε.
396 2815 462 2848 this
477 2815 617 2858 chapter
632 2814 705 2848 and
721 2814 774 2848 the
781 2814 958 2857 followiny
974 2825 1035 2848 one
1051 2825 1111 2848 are
1129 2814 1336 2858 transposed.

245 2861 260 2883 ³
276 2863 316 2895 E.
333 2862 588 2896 introducebat.
778 2860 793 2883 4
808 2862 850 2897 E.
868 2864 966 2895 (nnita
981 2873 1028 2895 se.
1265 2860 1280 2883 ⁶
1297 2862 1335 2895 O.
1353 2861 1394 2895 Ε.
1413 2860 1640 2894 astriverunt.

245 2908 260 2930 ⁰
276 2909 313 2943 C.
333 2909 374 2943 E.
391 2912 480 2953 post.
774 2907 789 2931 ⁷
807 2909 844 2942 O.
863 2909 906 2942 D.
925 2909 964 2943 E.
984 2909 1023 2943 in
1039 2911 1260 2953 perpetuum.
1453 2906 1467 2928 ⁸
1485 2907 1521 2940 O.
1542 2907 1582 2940 E.
1600 2907 1687 2941 haec.

248 2954 263 2977 ⁰
277 2955 313 2990 G.
331 2956 372 2991 E.
392 2958 471 2990 omit
488 2960 553 2991 etc.
765 2954 794 2978 ¹⁰
810 2955 847 2990 C.
866 2956 1014 2990 indiciis.
1256 2955 1282 2978 ¹¹
1300 2956 1339 2990 Ε.
1359 2954 1580 2989 extraxisset.

763 3001 793 3025 ¹²
809 3004 846 3037 C.
864 3003 905 3037 E.
923 3005 1003 3037 omit
1020 3007 1067 3038 et.
