2008 3360
761 322 887 354 LIBER
906 322 1108 355 DECIMUS.
1605 316 1682 354 351

191 427 385 479 Nebere‚¹
398 426 718 470 constabilarius
731 427 933 479 Francus,
945 441 1043 471 cum
1057 427 1206 471 multis
1217 426 1432 470 nobilibus
1444 427 1690 479 minoribus,

191 499 372 540 quorum
383 499 470 528 non
482 486 618 541 possit
631 485 840 527 notificari
855 490 992 528 certus
1007 499 1217 528 numerus.
1276 486 1390 527 Nam
1404 489 1525 527 tanta
1542 485 1689 528 multi-

190 544 295 585 tudo
314 543 474 586 ibidem
493 543 668 586 confusa
687 546 752 585 est
778 544 854 598 qui
883 557 1127 599 nuncquam
1146 544 1280 586 ictum
1300 543 1517 594 dederunt,
1536 557 1615 586 nec
1634 543 1689 585 ad

188 601 383 643 inimicos
416 594 873 656 appropin'quaverunt,
906 601 992 643 nisi
1026 601 1140 656 quod
1169 615 1239 644 eos
1273 605 1445 643 tantum
1477 601 1530 644 de
1564 601 1689 657 longe

189 658 382 701 videntes
423 658 568 713 fugam
607 658 786 700 aliorum
825 662 868 701 et
906 659 1200 714 captivitatem
1238 659 1460 710 nobilium,
1489 659 1688 702 cumulus

190 729 317 771 super
341 716 560 758 cumulum
579 716 758 759 extincti
784 719 886 759 sunt
914 730 989 771 per
1021 716 1169 759 millia.
1229 716 1395 760 Ibidem
1425 716 1509 759 fuit
1538 720 1689 772 captus

191 774 387 816 dominus
436 773 722 829 Bursigaldus‚
755 774 1025 816 marescallus
1069 774 1269 826 Franciae,
1308 774 1689 817 innumerabilibus

190 831 436 882 interfectis,
456 831 655 874 extinctis
685 835 728 874 et
756 832 924 887 fugatis.
987 832 1124 875 Causa
1150 846 1248 875 vero
1277 832 1405 888 hujus
1423 832 1622 884 victoriae,
1641 835 1692 875 ut

191 889 392 931 asseritur
419 889 467 931 in
492 889 680 941 Francia,
709 889 794 931 fuit
823 904 877 932 ex
906 902 967 941 eo,
996 890 1146 945 primo,
1175 890 1290 946 quod
1320 904 1464 933 omnes
1495 894 1615 933 erant
1643 891 1691 932 in

190 947 350 1002 guerris
379 947 628 998 inconsueti,
648 960 728 990 nec
747 947 794 989 in
823 948 950 990 armis
979 948 1130 990 usitati
1148 948 1218 990 vel
1238 948 1352 991 docti
1364 964 1375 1001 ;
1403 948 1477 991 sed
1499 949 1693 1003 juvenes,

190 1007 233 1046 ct
252 1004 299 1047 in
318 1003 464 1047 armis2
482 1004 739 1047 militaribus
758 1005 905 1060 ignari,
925 1008 968 1048 et
986 1009 1131 1048 tamen
1151 1006 1254 1048 elati
1273 1005 1335 1048 et3
1352 1006 1692 1062 praesumptuosi,

188 1066 390 1117 putantes
419 1062 524 1104 alios
554 1062 603 1104 in
630 1062 776 1118 fugam
805 1063 986 1118 agitare:
1024 1064 1220 1115 secundo,
1249 1077 1325 1120 pro
1354 1062 1433 1114 00,4
1462 1078 1516 1107 ex
1545 1078 1690 1106 eorum

186 1119 373 1162 elacione
411 1123 454 1162 et
492 1121 921 1175 praesumptuositate,
959 1121 1153 1164 videntes
1194 1121 1371 1177 seipsos⁵
1405 1122 1453 1163 in
1493 1135 1690 1177 supremo

188 1177 321 1232 gradu
358 1180 553 1227 armatos,
591 1177 793 1220 nolebant
826 1179 1070 1233 permittere
1103 1193 1247 1222 eorum
1281 1179 1592 1222 architenentes
1620 1179 1691 1222 vel

187 1234 425 1277 balistarios
445 1234 632 1277 accidere
651 1235 706 1277 ad
720 1236 1005 1290 vangardiam‚
1021 1236 1076 1278 ad
1094 1236 1297 1279 honorem
1315 1237 1656 1292 consequendam
1661 1236 1691 1291 3⁶

188 1292 264 1335 sed
293 1291 469 1347 seipsos⁷
488 1292 543 1334 ad
571 1292 775 1343 honorem
804 1296 1159 1348 anteposuerunt:
1200 1294 1342 1345 tercio,
1373 1295 1503 1337 nimis
1537 1309 1691 1351 magna

187 1350 418 1392 multitudo
453 1354 572 1392 erant
606 1350 746 1402 simul,
780 1351 842 1393 ita
870 1351 985 1406 quod
1013 1351 1158 1394 nullus
1184 1352 1285 1394 ordo
1313 1352 1426 1395 inter
1444 1366 1514 1395 eos
1534 1353 1692 1395 servari

187 1408 355 1463 potuit:
388 1412 550 1463 quarto,
581 1421 634 1450 ex
669 1422 815 1450 eorum
847 1409 982 1452 nimia
1010 1409 1196 1452 elacione
1226 1413 1269 1453 et
1288 1410 1485 1465 superbia
1503 1411 1692 1453 raciona-

188 1466 320 1508 bilem
349 1466 580 1508 concordiae
609 1466 871 1508 oblacionem
898 1467 1210 1510 refutaverunt:
1252 1468 1414 1524 quinto,
1432 1469 1480 1510 in
1505 1469 1691 1524 peccatis

190 1537 335 1566 eorum
368 1523 596 1566 inconfessi
629 1524 684 1566 ad
714 1524 876 1567 bellum
908 1529 1248 1581 properaverunt.
1310 1526 1415 1569 Haec
1450 1527 1566 1569 enim
1589 1530 1691 1570 sunt

189 1595 326 1624 causae
345 1581 600 1636 perdicionis
619 1581 732 1624 belli.

188 1745 403 1801 §sequitur
421 1746 469 1791 1³2
479 1747 737 1802 znhjmimtz
752 1746 1051 1799 manentium,
1066 1761 1156 1794 mm
1168 1748 1533 1795 intimatum—Gt.
1549 1749 1688 1797 xxiiii.

193 1845 452 1911 PAULO
473 1867 572 1906 ante
587 1865 816 1907 transitum
844 1865 953 1921 regis
983 1865 1148 1922 Angliae
1178 1865 1226 1908 in
1260 1867 1494 1918 Franciam,
1523 1871 1567 1910 et
1594 1872 1691 1923 post

190 1921 351 1964 bellum
380 1922 432 1964 de
468 1922 748 1978 Screvisbery,
781 1937 856 1966 rex
886 1923 1066 1979 Angliae,
1096 1924 1284 1967 collectis
1313 1924 1497 1967 duabusss
1523 1926 1690 1969 vicibus

192 1979 341 2034 grandi
360 1980 559 2034 exercitu,
580 1980 767 2022 Valliam
785 1981 974 2032 intravit,
995 1986 1038 2024 et
1057 1981 1195 2024 multa
1214 1982 1328 2024 mala
1355 1982 1516 2025 ibidem
1543 1996 1690 2040 perpe-

194 2037 325 2079 travit
337 2053 348 2090 ;
390 2041 433 2080 et
455 2037 585 2080 tercio
614 2038 789 2090 intrans,
818 2038 1067 2082 intendebat
1095 2040 1238 2082 omnia
1266 2040 1482 2083 solotenus
1511 2041 1619 2084 ferro
1648 2045 1692 2084 et

194 2095 365 2137 flamma
402 2109 704 2147 consummare,
742 2096 853 2139 nulli
889 2111 1065 2152 parcens
1104 2097 1249 2148 aetati,9
1280 2098 1403 2140 sexui
1440 2098 1511 2141 vel
1541 2099 1691 2151 ordini,

192 2152 336 2205 donec,
356 2166 410 2195 ex
429 2153 576 2196 divina
603 2154 854 2208 provisione,
874 2168 994 2210 aquae
1013 2168 1108 2210 quae
1127 2169 1253 2210 super
1271 2155 1399 2198 coelos
1419 2159 1540 2199 erant
1565 2171 1693 2213 super

189 2210 333 2265 ipsum
346 2214 388 2252 et
400 2210 559 2266 super¹⁰
570 2212 802 2254 exercitum
813 2212 955 2256 taliter
966 2213 1293 2264 inundaverunt,
1305 2213 1418 2268 quod
1430 2213 1482 2256 de
1493 2215 1691 2269 gentibus

192 2268 281 2310 suis
300 2267 398 2323 plus
417 2282 545 2324 quam
565 2269 710 2311 decem
729 2269 903 2325 mil[l]ia
921 2270 969 2311 in
983 2284 1093 2325 aqua
1106 2270 1287 2325 pluviali
1307 2271 1514 2314 submersi
1532 2277 1634 2315 sunt
1648 2276 1693 2316 et

194 2326 382 2369 extincti.
442 2326 595 2369 Postea
623 2326 740 2369 vero3
767 2328 886 2370 misit
914 2327 1051 2370 filium
1081 2341 1218 2379 suum,
1247 2328 1431 2383 amplius
1459 2329 1507 2371 in
1525 2330 1693 2386 propria

193 2397 371 2439 persona
390 2383 572 2426 nolens11
590 2384 747 2427 redire:
782 2385 856 2440 qui
876 2389 997 2428 caute
1026 2385 1209 2441 majores·
1234 2390 1339 2428 natu
1367 2387 1515 2441 patriae
1545 2388 1694 2431 allexit

195 2441 277 2484 sibi
297 2454 372 2496 per
390 2455 566 2484 munera
584 2446 627 2484 et
642 2442 764 2494 dona,
784 2456 879 2497 quae
898 2442 1144 2486 obcaecant12
1163 2443 1287 2486 corda
1311 2444 1507 2499 judicum
1536 2449 1579 2488 et
1597 2460 1692 2501 per-

193 2502 367 2542 vertunt
385 2499 508 2542 fidele
523 2499 745 2555 judicium.
806 2501 898 2556 Ipsi
916 2515 1016 2543 vero
1036 2501 1118 2543 sibi
1136 2501 1421 2557 promiserunt
1439 2503 1564 2558 quod,
1588 2504 1692 2546 dum

195 2557 280 2612 ipsi
312 2557 360 2598 in
394 2557 483 2599 acic
516 2556 652 2600 belli¹³
681 2562 826 2601 contra
856 2558 1020 2601 dictum
1053 2559 1290 2615 principem
1322 2565 1464 2603 essent
1501 2561 1691 2604 ordinate

197 2615 338 2670 positi,
349 2614 397 2657 in
410 2614 554 2670 fugam
569 2619 668 2658 ante
684 2630 954 2672 congressum
968 2630 1013 2660 se
1025 2617 1161 2672 primo
1178 2618 1510 2672 exposuerunt-⁹⁴4
1568 2619 1691 2670 Quod

253 2738 267 2760 ¹
284 2739 321 2774 O.
339 2739 378 2774 E.
396 2739 535 2782 Nybers
551 2742 597 2773 et.
806 2738 820 2761 ²
835 2740 872 2774 O.
891 2740 930 2773 E.
948 2741 1020 2774 add
1035 2743 1081 2774 ct.
1271 2739 1337 2776 30.
1357 2742 1397 2776 E.
1415 2744 1494 2776 omit
1511 2743 1575 2775 this
1586 2744 1689 2777 word.

255 2785 270 2807 ⁴
286 2787 323 2820 C.
342 2787 382 2821 E.
400 2787 473 2819 add
488 2786 589 2830 quod.
810 2786 825 2808 ⁵
841 2787 877 2820 O.
896 2788 936 2821 E.
954 2792 1095 2822 eosmet.
1274 2787 1289 2810 ⁰
1306 2790 1341 2822 C.
1360 2789 1399 2822 Ε.
1419 2790 1640 2832 sequendam.

256 2831 269 2854 ⁷
287 2833 324 2866 C.
343 2832 381 2867 Ε.
399 2833 574 2876 ipsosmet.
811 2832 825 2855 ⁸
840 2834 1087 2877 Altcredsrom
1104 2834 1249 2868 duobus.
1300 2836 1337 2869 C.
1361 2836 1399 2869 D.
1417 2836 1455 2868 E.
1474 2836 1618 2868 duobus.

256 2877 271 2899 ⁹
287 2880 328 2913 D.
346 2880 434 2913 adds
450 2879 514 2914 vel.
796 2879 824 2902 ²⁰
840 2881 877 2914 O.
897 2881 935 2915 E.
954 2882 1040 2924 ejus.
1259 2881 1284 2902 ²¹
1302 2883 1339 2915 O.
1359 2883 1398 2916 E.
1419 2882 1561 2915 nobiles.

240 2924 268 2947 ¹²
284 2927 319 2960 O.
339 2927 381 2960 D.
398 2926 438 2959 E.
457 2926 630 2961 obsecant.
1254 2927 1282 2950 ¹³
1299 2929 1335 2962 C.
1355 2928 1453 2962 belle.

243 2971 270 2993 ¹⁴
286 2972 422 3007 Altered
438 2978 470 3007 to
486 2976 725 3017 exposuerent.
774 2973 815 3008 D.
835 2978 1075 3018 exposuerent.
