2014 3354
306 291 431 334 xlviii
803 305 1021 336 Arrnnmx
1039 306 1092 337 ‘ro
1114 306 1313 338 PREFACE.

418 408 598 462 nendis;
628 422 726 451 cum
756 410 912 465 quibus
941 413 985 452 et
1012 410 1219 465 regnandi
1247 411 1405 465 pericia
1434 411 1617 464 docetur,
1641 426 1689 455 ac
1718 426 1807 455 suae

418 475 670 530 propagines
705 489 731 517 a
764 476 879 531 regia
907 475 1129 530 majestate
1159 475 1395 530 prodiciosa
1423 477 1617 532 dejeccio.
1678 478 1806 521 Unde

419 541 667 583 Baldredus.
1382 541 1637 597 mapinium
1655 543 1704 588 ii.

305 639 506 694 Sequitur
525 639 577 682 de
597 639 686 681 filio
705 652 782 681 suo
802 638 980 682 Alfredo
1000 644 1097 695 post
1117 654 1216 683 eum
1234 646 1449 697 regnante.

1380 707 1633 763 etapitnlnm
1652 709 1719 754 iii.

304 803 507 859 Sequitur
540 803 593 845 de
628 803 776 845 eodem
810 803 999 857 Alfredo,
1032 805 1217 861 qualiter
1254 821 1352 850 cum
1390 808 1566 863 paganis
1604 809 1735 851 Dacis
1767 812 1810 850 et

418 869 675 911 Fresonibus
696 870 893 926 nequiter
910 875 1091 914 vexatus
1111 876 1184 915 est.
1380 873 1631 929 OEapitulnm
1649 874 1736 918 iiii.

304 967 508 1023 Sequitur
538 967 591 1010 de
622 973 758 1012 morte
791 969 992 1012 Edwardi
1020 970 1143 1027 regis,
1163 975 1212 1023 etv
1236 972 1289 1015 de
1319 974 1583 1016 successione
1611 974 1692 1016 filii
1721 975 1812 1030 ejus

418 1034 642 1077 Edmundi
675 1036 800 1091 regis,
835 1042 879 1078 et
909 1037 1238 1091 incedentibus;
1282 1039 1357 1094 qui
1395 1044 1493 1095 post
1531 1040 1669 1082 filium
1707 1041 1812 1084 dicti

417 1100 618 1143 Edwardi
636 1100 942 1171 Ethelstanum
962 1103 1055 1146 sine
1074 1103 1218 1147 liberis
1238 1104 1489 1148 defunctum
1507 1107 1710 1162 regnavit.

1385 1171 1639 1227 &mitidum
1657 1178 1693 1217 h.

489 1250 574 1283 Post
601 1261 642 1283 eo
673 1249 839 1295 (For-dun,
868 1263 900 1295 p.
929 1253 1008 1294 391,
1033 1252 1056 1286 l.
1082 1252 1118 1298 5)
1144 1254 1267 1287 addita
1296 1259 1373 1287 sunt
1402 1255 1470 1288 hoec
1481 1257 1627 1299 :-quia
1653 1258 1812 1289 mortuus

540 1308 595 1338 est
610 1306 685 1338 sine
700 1305 828 1340 liberis.

290 1393 506 1449 'Sequitur
525 1393 577 1436 de
598 1394 863 1437 successione
882 1395 1039 1452 Edgari
1058 1398 1179 1453 regis.
1380 1398 1634 1454 etapitnlnm
1653 1399 1708 1443 ni.

490 1478 573 1512 Post
589 1478 755 1513 videlicet
770 1479 824 1525 (ib.
844 1491 878 1524 p.
897 1481 977 1522 392,
994 1481 1016 1517 l.
1036 1480 1072 1526 8)
1087 1481 1348 1516 Northumbriae
1365 1484 1524 1517 additum
1540 1488 1597 1518 est.

306 1565 508 1621 Sequitur
526 1566 579 1609 de
599 1566 720 1610 clade
740 1568 929 1610 mirabili
950 1572 1098 1612 contra
1117 1570 1269 1613 Dacos,
1387 1571 1640 1626 OEapitnlmtt
1659 1572 1733 1617 nii.

305 1665 510 1721 Sequitur
543 1666 595 1709 de
629 1666 858 1710 Edmundo
892 1668 1089 1721 anside,
1119 1673 1162 1712 et
1196 1669 1248 1712 de
1283 1671 1376 1726 ejus
1412 1671 1597 1715 mirabili
1626 1673 1814 1726 virtute3

421 1746 519 1774 cum
538 1732 799 1776 incidenciis.
1384 1736 1639 1792 mapitnlnm
1659 1738 1751 1783 niii.

307 1831 510 1887 Sequitur
528 1831 582 1874 de
601 1832 715 1875 bello
735 1832 848 1876 inter
866 1847 1007 1890 regem
1028 1838 1072 1877 et
1092 1835 1354 1880 Knutonem.
1417 1836 1671 1892 OEapitulnm
1690 1837 1747 1883 ix.

308 1931 513 1987 Sequitur
531 1931 585 1974 de
605 1933 828 1975 concordia
847 1934 962 1977 inter
980 1948 1026 1978 se
1045 1935 1157 1978 solos
1177 1936 1286 1979 inita
1305 1937 1352 1978 in
1373 1937 1496 1982 bello.

1387 2002 1642 2059 OEapitulum
1664 2019 1701 2049 x.

308 2096 512 2152 Sequitur
532 2098 584 2141 de
603 2097 839 2154 prodiciosa
853 2102 990 2143 morte
1004 2100 1113 2156 regis
1125 2101 1353 2145 Edmundi.
1385 2102 1638 2158 OEapitulnm
1657 2105 1713 2149 xi}

494 2181 539 2215 In
556 2181 630 2225 fine
655 2182 799 2225 capituli
826 2182 895 2216 hoec
922 2183 1046 2217 addita
1074 2188 1150 2218 eunt
1165 2195 1271 2219 s—ne
1303 2185 1490 2229 proditoris
1516 2188 1696 2231 generacio
1723 2188 1815 2223 inter

539 2237 659 2271 fideles
674 2237 790 2271 locum
806 2237 1070 2272 convalescendi
1086 2239 1240 2277 haberet.

307 2322 509 2378 Sequitur
528 2323 580 2366 de
601 2324 730 2367 exilio
751 2325 932 2368 fratrum
951 2330 995 2369 et
1015 2326 1200 2370 filiorum
1220 2328 1439 2372 Edmundi
1458 2330 1511 2374 de
1531 2331 1700 2374 ansid.

1387 2394 1642 2451 &amulum
1660 2396 1734 2440 xii.

309 2488 511 2544 Sequitur
530 2488 714 2543 qualiter
733 2489 971 2546 Imperator
990 2493 1230 2536 transmisit
1248 2494 1503 2537 Edwardum
1525 2496 1573 2537 in
1591 2497 1801 2554 Angliam.

1388 2561 1641 2616 mamalum
1658 2563 1752 2608 xiii.

310 2645 510 2701 Sequitur
542 2646 595 2688 de
629 2647 894 2690 successione
930 2648 1122 2703 Haralffl,
1152 2650 1379 2706 proditoris
1414 2652 1528 2696 filius
1558 2654 1638 2699 viz.
1670 2656 1815 2700 Edrici

425 2712 594 2755 comitis
615 2713 898 2767 Merciorum3
927 2718 970 2757 et
990 2715 1042 2758 de
1062 2717 1153 2771 ejus
1172 2717 1479 2761 incedentibus.

1386 2774 1639 2840 OEapitnlmti
1658 2787 1770 2834 xiiii.
