2008 3360
729 306 855 336 LIBER
876 304 1080 337 OCTAVUS.
1602 298 1680 336 143

172 411 291 467 regni
314 414 507 467 receptus
527 414 603 454 est.
663 411 749 462 Qui
768 415 923 462 tamen,
941 410 1069 466 paulo
1088 412 1186 465 post
1216 409 1449 451 adventum
1479 423 1605 451 suum
1635 410 1683 451 in

172 469 327 525 regno,l
349 470 588 512 convocatis
618 470 859 524 majoribus,
880 469 1218 524 parleamentum
1247 468 1427 520 statuit3
1461 472 1505 510 et
1535 482 1681 510 omnes

172 528 363 583 injurias,
403 528 706 583 vilipensiones
747 531 790 570 et
834 527 1056 583 opprobria
1096 526 1178 568 sibi
1217 540 1293 581 per
1333 526 1497 568 dictum
1540 540 1681 582 regem

171 586 358 641 Angliae2
377 586 497 628 illata
526 586 669 641 palam
698 600 838 628 coram
858 585 1054 627 omnibus
1085 585 1294 639 exposuit,
1316 588 1358 626 et
1374 598 1519 626 eorum
1539 585 1682 626 decre-

172 649 267 686 tum
286 658 360 698 pro
380 644 564 686 remedio
585 644 779 698 ponendo
799 643 969 699 publice
993 643 1228 698 requisivit,
1249 642 1363 696 quod
1386 643 1523 684 modis
1545 643 1682 684 omni-

172 703 251 743 bus
282 702 365 744 sibi
393 702 665 757 possibilibus
689 702 940 757 perimplere
966 701 1171 756 promisit.
1231 701 1420 742 Tandem
1449 701 1608 742 ibidem
1634 701 1682 742 in

172 760 459 815 parleamento
490 764 699 802 statutum
719 760 802 801 fuit
822 759 937 814 quod
956 759 1071 801 idem
1089 773 1165 800 rex
1185 759 1215 801 J
1217 758 1405 800 ohannes
1435 758 1682 813 homagium

174 823 218 860 et
246 818 498 860 fidelitatem
531 832 606 873 per
635 817 817 860 eundem
851 817 939 872 regi
974 817 1142 872 Angliae
1175 817 1365 871 praestita
1397 820 1440 858 et
1474 817 1682 871 promissa

172 876 344 931 penitus
374 881 598 926 revocaret,
620 880 662 917 et
691 873 883 917 tandem³
902 889 976 930 per
995 875 1086 916 vim
1116 879 1158 916 et
1186 878 1351 916 metum
1371 875 1424 916 ab
1446 889 1494 916 eo
1516 879 1682 916 extorta

174 934 373 988 deinceps
388 934 523 975 facere
542 938 777 985 recusaret;
807 937 850 975 et
870 933 983 987 quod
1005 933 1087 974 sibi
1102 932 1172 973 vel
1188 933 1276 974 suis
1297 932 1510 974 mandatis
1530 932 1577 973 in
1597 933 1682 975 hiis

172 992 243 1033 vel
272 992 378 1042 aliis,
399 992 709 1046 subjeccionem
728 991 799 1032 vel
828 991 1067 1032 libertatem
1086 991 1204 1044 regni
1231 991 1299 1031 sui
1319 991 1683 1042 concernentibus,

173 1050 356 1104 amplius
387 1050 554 1091 obedire
584 1049 764 1091 nolebat.
825 1047 1032 1090 Interrea4
1052 1062 1162 1098 vero,
1182 1048 1406 1103 ingruente
1426 1049 1539 1090 bello
1570 1049 1683 1091 inter

173 1108 356 1149 eundem
385 1120 525 1162 regem
554 1107 722 1162 Angliae
752 1110 795 1148 et
824 1106 1076 1156 vanienses,
1107 1119 1161 1147 ex
1190 1120 1277 1147 una
1306 1109 1438 1160 parte,
1469 1111 1512 1148 et
1541 1121 1683 1161 regem

172 1165 372 1215 Franciae,
403 1179 456 1207 ex
476 1165 624 1206 altera5
653 1168 783 1219 parte,
805 1164 896 1206 sed⁶
924 1178 999 1206 rex
1018 1163 1188 1218 Angliae
1217 1164 1451 1205 Edwardus
1481 1165 1682 1219 praedicto

172 1223 374 1273 Johanni,
406 1223 563 1265 Scociae
593 1223 692 1278 regi,
713 1223 882 1278 scripsit
911 1236 986 1277 pro
1017 1236 1220 1264 succursu
1250 1222 1332 1263 sibi
1358 1222 1516 1263 fienda⁷
1537 1227 1683 1264 contra

172 1281 351 1331 eosdem,
372 1281 487 1335 quod
508 1282 680 1323 omnino
700 1281 784 1323 fuit
804 1281 844 1322 ei
864 1281 1120 1336 denegatum
1139 1280 1346 1332 breviter;
1381 1283 1552 1334 propter
1567 1281 1682 1334 quod

171 1352 247 1380 rex
278 1339 444 1394 Angliae
473 1339 606 1381 iratus
634 1344 699 1381 est
718 1339 854 1390 valde,
877 1342 919 1381 et
945 1344 1046 1380 vota.
1065 1352 1218 1393 magna
1236 1352 1312 1392 pro
1332 1338 1525 1379 vindicta
1554 1339 1683 1380 infer-

172 1396 282 1439 enda
301 1397 452 1439 emisit.
513 1397 731 1439 Pendente
745 1411 845 1440 vero
865 1410 949 1452 quo
970 1402 1170 1451 tempore,
1186 1397 1366 1451 majores
1386 1397 1504 1451 regni
1525 1396 1684 1438 Scociae

172 1455 350 1497 nuncios
371 1455 425 1497 ad
453 1469 593 1510 regem
612 1455 812 1506 Franciae,
841 1469 938 1497 cum
967 1455 1085 1496 omni
1114 1454 1403 1505 festinacione,
1424 1455 1683 1509 episcopum,

172 1513 264 1562 viz„
296 1513 608 1555 Sanctiandreae
638 1512 697 1555 et⁸
728 1514 973 1568 episcopum
1002 1512 1366 1562 Dunkeldensem,
1388 1526 1486 1554 cum
1516 1513 1682 1554 duobus

172 1570 395 1623 militibus,
417 1572 649 1622 dominum,
660 1572 752 1622 viz„
768 1572 819 1613 de
840 1570 1002 1613 Foulis⁹
1017 1576 1060 1612 et
1081 1570 1331 1625 Igramum¹⁰
1348 1570 1685 1621 Humfravifle,u

173 1641 249 1682 pro
287 1629 557 1670 matrimonio
597 1643 697 1671 cum
735 1629 919 1684 quadam
954 1633 1082 1683 nepte
1123 1629 1313 1683 ejusdem
1343 1629 1452 1683 regis
1492 1629 1683 1671 Franciae

174 1686 380 1728 Edwardo
420 1687 472 1728 de
521 1687 713 1737 Balliolo,
753 1687 859 1728 dicti
897 1686 1006 1742 regis
1047 1686 1205 1727 Scociae
1253 1686 1353 1736 filio,
1393 1686 1682 1728 contrahendo

173 1744 482 1795 transmittunt,
514 1759 562 1786 ac
602 1745 736 1787 eciam
774 1759 850 1799 pro
890 1744 1250 1786 confoederacione
1289 1744 1523 1798 praehabita
1561 1759 1682 1786 reno-

173 1802 323 1852 vanda,
345 1803 427 1844 sibi
457 1816 602 1845 casum
631 1804 739 1858 regis
758 1802 929 1858 Angliae
953 1803 999 1844 in
1028 1803 1163 1843 forma
1193 1802 1452 1856 exponendo.
1515 1802 1680 1852 Quibus

172 1860 341 1901 nunciis
360 1865 576 1915 gratanter
596 1865 638 1903 et
659 1875 756 1903 cum
775 1860 928 1916 gaudio
948 1860 1127 1916 receptis
1158 1864 1201 1902 et
1221 1860 1446 1915 expeditis,
1465 1859 1520 1902 ad
1540 1864 1682 1915 partes

172 1918 352 1960 redeunt
372 1932 471 1960 cum
489 1917 692 1961 laeticiam

223 2106 440 2162 §equitur
459 2109 577 2153 imm:
595 2109 998 2155 mnfoehzracinnizss
1017 2122 1161 2166 regum
1180 2108 1375 2163 &rancis
1394 2110 1435 2153 zi
1455 2109 1630 2166 §zuzim

850 2178 899 2223 Εἰ.
922 2177 1005 2221 xix.

176 2249 571 2318 &HILIPPUQ
583 2267 667 2310 Dei
685 2268 826 2323 gracia
844 2269 1102 2311 Francorum
1120 2283 1207 2320 rex,
1219 2268 1431 2311 universis
1451 2272 1681 2324 praesentes

173 2325 319 2367 literas
357 2326 623 2380 inspecturis.
703 2326 822 2368 Inter
861 2327 1003 2368 omnia
1045 2327 1122 2368 illa
1159 2341 1234 2382 per
1273 2341 1369 2381 quae
1406 2327 1681 2381 regnancium

175 2386 219 2425 et
237 2397 460 2438 regnorum
481 2383 688 2426 exaltacio
707 2387 959 2437 procreatur,
979 2385 1213 2438 acquiritur
1238 2385 1355 2440 pacis
1376 2388 1419 2426 et
1438 2385 1681 2440 tranquillae

176 2442 332 2495 quietis
363 2442 598 2492 amoenitas,
618 2455 667 2483 ac
686 2441 804 2483 felici
832 2442 1103 2497 prosperitati
1137 2443 1372 2484 consulitur
1401 2443 1681 2493 subditorum,

173 2499 283 2541 illud
315 2499 486 2541 videtur
520 2503 684 2541 attenta
719 2499 1127 2551 confoederacioneu,
1144 2500 1447 2556 principium,15
1481 2506 1533 2542 ut
1570 2501 1682 2543 inter

175 2570 292 2612 reges
322 2562 364 2599 et
384 2571 512 2612 regna
532 2557 678 2599 solidae
697 2557 886 2599 caritatis
915 2558 1059 2600 unitas
1080 2563 1123 2600 et
1142 2559 1280 2600 fidelis
1295 2558 1500 2600 amiciciae
1519 2559 1681 2601 foedera

239 2680 252 2702 ¹
269 2682 304 2714 iu
322 2693 426 2725 regno
445 2684 479 2714 in
495 2683 630 2724 mar-[jin
644 2682 737 2715 later.
787 2680 802 2702 ²
818 2682 854 2715 C.
874 2682 916 2715 D.
935 2682 974 2715 Ε.
994 2683 1067 2716 add
1084 2683 1159 2716 sibi.

239 2727 253 2749 ³
270 2729 307 2761 B.
327 2729 364 2761 O.
383 2729 424 2762 D.
445 2729 484 2762 E.
503 2732 681 2772 tanquam.
783 2727 798 2749 4
814 2729 852 2762 B.
872 2730 909 2762 C.
929 2730 970 2762 D.
989 2730 1027 2763 E.
1048 2731 1196 2763 Interea.

240 2774 254 2795 ⁵
270 2776 308 2807 Β.
328 2776 364 2808 C.
383 2776 424 2808 D.
443 2777 483 2809 E.
502 2776 580 2810 alia.
785 2774 800 2796 ⁰
816 2776 854 2808 Β.
874 2777 910 2809 O.
929 2777 970 2809 D.
990 2777 1030 2810 Ε.
1049 2777 1150 2810 idem.
1258 2775 1272 2799 7
1289 2778 1326 2811 C.
1347 2777 1386 2810 E.
1406 2777 1569 2809 fiendum.

240 2820 254 2842 ⁸
271 2822 306 2854 O.
326 2822 364 2854 E.
383 2834 432 2855 ac.
786 2820 801 2843 ⁹
817 2823 855 2856 B.
875 2824 911 2856 O.
930 2824 969 2856 Ε.
990 2824 1114 2857 Soulis.
1243 2823 1272 2845 ¹⁰
1288 2825 1326 2858 B.
1346 2825 1560 2867 Ingramum.

226 2867 252 2888 ¹¹
270 2869 306 2901 C.
326 2869 364 2901 Ε.
380 2869 652 2912 Humfrayville.
773 2868 801 2890 ¹2
818 2871 855 2903 O.
875 2870 914 2903 E.
933 2871 1087 2904 licencia.
1248 2870 1275 2892 ¹³
1293 2872 1333 2904 D.
1356 2870 1680 2904 confoederaciones.

226 2913 255 2935 ¹4
272 2915 308 2947 O.
328 2916 367 2948 E.
385 2917 673 2949 consideracione.

229 2959 256 2982 ¹⁵
274 2961 309 2994 C.
328 2963 536 3005 praecipium.
587 2964 629 2996 D.
648 2963 863 3007 praecipuum
879 2964 1007 2998 altered
1024 2969 1056 2998 to
1073 2965 1293 3008 principium.
1344 2965 1384 2998 Ε.
1402 2963 1625 3007 praecipuum.
