1994 3346
348 308 401 346 40
843 317 969 348 mmm
990 316 1348 349 PLUSCARDENSIS.

333 433 516 462 sautum
528 420 740 476 quendam
752 420 983 471 invenerat,
989 434 1117 475 quem
1129 420 1335 462 Ricardus
1347 421 1516 463 rexsibi
1528 435 1602 476 per
1613 421 1838 464 avariciam

341 477 523 519 nimiam
541 478 662 521 reddi
680 479 939 534 postulavit3
967 491 1043 532 per
1070 478 1206 520 ictum
1234 478 1400 520 balistae
1418 479 1646 522 infossatus
1664 479 1839 529 interiit,

343 538 388 577 et
425 535 540 590 apud
573 536 753 578 Fontem
782 535 961 577 Ebrardi
990 535 1220 590 sepellitur.
1283 536 1368 586 Qui
1397 536 1508 578 dixit
1535 537 1763 589 moriendo,
1791 541 1842 578 ut

343 593 520 648 quidam
538 593 710 645 ferunt,¹
729 593 799 635 vel
818 593 927 634 alius
946 606 1022 647 pro
1042 607 1090 635 eo
1104 608 1172 635 :—

572 682 745 738 Nupar2
763 697 877 724 eram
889 683 1050 737 plenus,
1070 683 1191 733 dives,
1200 684 1332 738 fortis
1351 687 1387 725 et
1407 697 1604 736 amoenus,

574 741 631 782 Et
650 755 762 782 mmo
781 741 963 795 dagenus,
982 742 1107 783 miser
1125 741 1178 783 6153
1197 742 1289 783 exul
1308 746 1344 783 et
1363 755 1515 795 cyanus.

347 829 429 873 Oui
447 831 509 873 sic
529 830 701 882 dicenti,
721 830 853 873 altera
871 844 956 873 vox
975 831 1022 872 in
1042 831 1287 874 continente
1306 831 1524 886 respondit
1544 830 1702 873 8104-

579 921 646 963 Tu
663 922 771 963 male
790 922 942 972 vixisti,
962 922 1047 977 [in]
1071 923 1193 964 terris
1211 923 1313 964 satis
1332 923 1543 974 habuisti;

574 979 762 1021 Ecclesiae
783 979 940 1021 Christi
959 980 1150 1022 invidens
1168 982 1275 1022 male
1286 982 1511 1035 peremisti.

345 1069 439 1126 Ipsi
449 1084 549 1113 vero
561 1070 741 1112 Ricardo
754 1071 955 1113 successit
969 1070 1016 1112 in
1029 1084 1157 1125 regno
1171 1070 1355 1126 Angliae⁵
1367 1071 1497 1113 frater
1508 1071 1598 1126 ejus
1610 1071 1641 1112 J
1643 1070 1842 1120 ohannes,

345 1128 423 1183 qui
436 1128 554 1183 prius
569 1129 599 1170 J
601 1128 788 1171 ohannes
804 1129 904 1171 Sine
919 1129 1046 1170 Terra
1059 1129 1301 1179 vocabatur,
1321 1129 1397 1183 qui
1412 1128 1544 1171 eciam
1560 1128 1673 1183 apud
1694 1129 1842 1170 civita-

344 1189 434 1228 tem
449 1186 898 1241 Rothummagensem⁰
912 1185 1166 1228 coronellam
1178 1186 1357 1228 ducatus
1372 1187 1414 1227 N
1416 1187 1646 1228 ormanniae
1660 1186 1841 1240 accepit3

346 1247 391 1286 et
404 1243 516 1285 infra
534 1243 673 1294 breve,
692 1245 771 1286 viz.
793 1244 862 1286 die
876 1243 1148 1286 Ascensionis
1163 1248 1260 1298 post
1274 1247 1453 1286 mortem
1467 1244 1620 1294 fratris,
1639 1244 1687 1285 111
1701 1257 1842 1299 regem

346 1301 514 1357 Angliae
551 1301 666 1356 apud
696 1301 975 1343 Westmester
1003 1305 1225 1343 coronatus
1256 1305 1330 1343 est.
1390 1302 1520 1344 Porro
1549 1315 1624 1343 rex
1653 1301 1843 1343 Franciae

345 1359 583 1414 Philippus,
604 1362 720 1401 statu
743 1373 885 1401 rerum
912 1359 960 1400 in
987 1358 1141 1400 melius
1171 1363 1347 1410 mutato,
1366 1364 1463 1414 post
1490 1373 1626 1414 pauca
1653 1362 1845 1413 tempora

341 1416 564 1459 civitatem
583 1417 891 1459 Eboracensem
922 1430 971 1458 ac
999 1420 1135 1458 totam
1155 1416 1463 1458 Normanniam
1490 1430 1625 1471 usque
1654 1416 1709 1458 ad
1738 1416 1844 1458 civi·-

345 1476 479 1516 tatem
509 1473 864 1525 Cenomanicam,⁷
883 1474 1079 1517 vastavit.
1137 1474 1364 1524 Arthurus,
1398 1474 1537 1516 adhuc
1565 1487 1681 1528 puer,
1701 1486 1842 1515 comes

346 1531 549 1573 Britaniae
592 1535 636 1575 et
678 1545 810 1587 nepos
853 1531 963 1586 regis
991 1531 1172 1586 Angliae,
1201 1531 1344 1573 valida
1372 1545 1471 1573 cum
1499 1530 1647 1572 manu⁸
1680 1534 1843 1573 armata

344 1589 534 1641 veniens,
553 1590 803 1631 comitatum
823 1588 1082 1644 Andegaviae
1101 1589 1318 1639 invadens,
1338 1589 1452 1643 apud
1482 1589 1844 1631 Cenomanensem

345 1647 564 1689 civitatem
578 1647 666 1702 regi
680 1648 938 1688 Francorum
953 1646 1198 1702 homagium
1212 1646 1325 1696 fecit,
1345 1646 1561 1688 Alienore⁹
1580 1658 1679 1688 vero
1698 1646 1842 1701 regina

346 1704 516 1759 Angliae
554 1704 669 1759 apud
707 1704 926 1746 civitatem
954 1704 1243 1746 Turonensem
1272 1704 1492 1746 existente.
1547 1704 1716 1746 Ibidem
1754 1703 1844 1758 regi

346 1762 536 1804 Franciae
556 1775 631 1817 pro
651 1762 858 1805 comitatu
877 1762 1130 1812 Pictavensi,
1150 1762 1226 1817 qui
1255 1762 1339 1804 sibi
1362 1762 1457 1816 jure
1477 1761 1729 1804 hereditario
1748 1775 1840 1816 per-

345 1820 522 1869 tinebat,
536 1819 781 1875 homagium
793 1819 940 1862 fecit.¹⁰
968 1819 1097 1861 Anno
1108 1833 1207 1862 vero
1220 1824 1423 1874 sequente
1435 1819 1728 1874 Francigeni,¹¹
1741 1833 1840 1861 cum

344 1877 612 1920 Venissianis
642 1882 685 1919 et
714 1877 810 1919 aliis
840 1890 985 1919 eorum
1014 1877 1340 1932 coadjutoribus,
1360 1877 1509 1918 urbem
1540 1876 1841 1919 Constantino-

346 1934 587 1990 politanum
607 1935 660 1977 de
678 1935 878 1977 manibus
897 1935 1135 1977 infidelium
1154 1934 1335 1976 viriliter
1354 1934 1586 1989 eripiunt‚12
1605 1937 1649 1976 et
1669 1934 1842 1976 Baudu-

345 1992 542 2034 winum¹³
567 1992 767 2035 comitem
792 1992 1011 2035 Flandreae
1029 1993 1325 2048 imperatorem
1345 1992 1613 2034 constituunt
1633 1991 1842 2034 Constan-

345 2050 688 2105 tinopolitanum.
743 2050 858 2092 Nam
890 2054 1056 2092 mortuo
1081 2063 1177 2105 rege
1204 2049 1396 2100 Ricardo‚
1423 2049 1499 2104 qui
1530 2063 1676 2091 eorum
1701 2049 1841 2091 fautor

345 2112 534 2150 secretus
543 2108 638 2158 fuit,
651 2111 695 2151 et
714 2108 776 2151 eis
790 2107 1034 2150 valentibus
1054 2105 1271 2149 eundem¹⁴
1290 2108 1439 2149 urbem
1458 2107 1577 2172 prius
1592 2107 1841 2173 impugnare

345 2165 704 2220 impedimentum
725 2165 937 2221 praestitit,
956 2164 1150 2220 praedicti
1178 2165 1462 2207 strenuissimi
1490 2164 1715 2219 principes,
1734 2177 1841 2220 prae-

346 2223 457 2265 fatos
476 2223 669 2265 infideles
697 2223 919 2278 magnifice
942 2223 1206 2273 infestantes,
1224 2223 1383 2264 multas
1403 2222 1608 2264 civitates
1637 2235 1686 2264 ao
1714 2222 1840 2264 urbes

342 2281 470 2335 quasi
498 2281 861 2336 inexpugnabiles,
891 2294 990 2323 cum
1022 2280 1406 2323 innumerabilibus
1444 2280 1625 2335 captivis
1659 2282 1703 2323 et
1731 2279 1841 2321 divi*

344 2338 508 2380 ciarum
526 2338 804 2381 multitudine
824 2338 993 2394 copiosa
1011 2338 1249 2381 redeuntes.

408 2468 422 2491 ¹
438 2469 475 2503 O.
494 2469 533 2503 Ε.
551 2471 594 2503 ut
612 2469 734 2503 fertur.
1352 2466 1367 2489 ²
1381 2468 1421 2503 B.
1441 2467 1479 2502 O.
1498 2467 1539 2502 D.
1558 2467 1596 2502 Ε.
1616 2467 1747 2511 Nuper.

407 2514 423 2538 ⁸
437 2516 486 2550 Et
501 2516 676 2549 interlined
691 2518 726 2549 in
742 2516 888 2558 wiqinal
903 2516 1005 2560 hand.
1057 2516 1095 2550 B.
1116 2516 1153 2550 O.
1172 2516 1216 2549 D.
1236 2515 1275 2550 Ε.
1293 2517 1375 2549 omit
1390 2517 1436 2548 et.

406 2561 422 2585 ⁴
438 2563 475 2597 O.
495 2563 534 2598 Ε.
552 2565 633 2596 omit
648 2563 708 2596 sic.
849 2560 865 2584 ⁵
881 2563 919 2597 O.
939 2563 979 2596 E.
996 2562 1034 2596 in
1050 2573 1206 2607 regnum.
1350 2560 1365 2583 ⁶
1381 2561 1418 2595 O.
1432 2561 1473 2595 Ε.
1490 2560 1816 2605 Rothomagensem.

406 2608 422 2632 7
438 2610 476 2644 C.
495 2610 536 2644 Ε.
555 2608 834 2643 Cenomanuiam.
1349 2607 1363 2630 ⁸
1379 2608 1418 2642 O.
1435 2609 1476 2642 E.
1497 2608 1568 2641 add
1583 2610 1629 2641 et.

406 2653 423 2678 ⁹
438 2656 476 2691 C.
497 2657 537 2690 E.
558 2656 754 2690 Helienore.
804 2656 846 2689 D.
864 2655 1063 2689 Halienore.
1277 2653 1306 2676 ¹⁰
1321 2655 1361 2689 G.
1379 2655 1419 2688 Ε.
1437 2656 1519 2688 omit
1533 2654 1732 2700 homagium
1744 2655 1839 2690 fecit.

390 2702 419 2725 ¹¹
436 2704 474 2738 O.
492 2703 533 2737 Ε.
551 2703 783 2747 Francigenae.
832 2703 875 2736 D.
894 2702 1101 2746 Fruncigini.
1274 2701 1303 2724 ¹²
1319 2702 1357 2736 O.
1375 2702 1415 2736 E.
1434 2702 1572 2745 eripuit.

390 2749 421 2772 ¹³
436 2750 474 2785 B.
492 2750 724 2784 Baldwinum.
773 2749 811 2783 C.
828 2749 868 2782 Ε.
887 2749 1140 2793 Baudwynum.

391 2796 420 2820 ²⁴
430 2798 469 2832 C.
481 2797 520 2832 E.
533 2797 604 2831 illis
620 2797 819 2831 volentibus
835 2797 992 2833 eandem.
