1982 3360
369 310 388 347 1
400 310 450 348 14
862 318 989 349 LIBER
1009 317 1287 349 PLUSCARDEN
1292 317 1368 351 SIS.

365 425 442 473 est,
475 421 560 464 nisi
593 435 717 473 mors,
756 435 851 477 quae
886 425 1040 464 cuncta
1067 421 1192 476 rapit,
1223 434 1366 476 regem
1397 420 1573 463 tamcito
1603 420 1656 463 de
1688 417 1867 463 mundo¹

365 479 651 594 {ggffiffiset'g
683 479 804 523 nulla
832 479 886 521 ab
915 492 965 521 eo
994 478 1112 535 prole
1144 478 1293 522 relicta
1314 478 1371 521 ad
1395 477 1722 522 successionem³
1746 476 1868 534 regni

469 675 685 730 §equitur
702 675 751 719 ht
768 674 943 729 planctu
960 674 1086 730 nqis,
1105 675 1147 719 tt
1164 674 1388 730 masania
1405 646 1582 721 ‘Ultomae
1598 673 1780 731 alnum*

791 744 1248 801 hsticin[at]sris.—OE.
1268 744 1435 790 xxxiiii.

508 833 683 885 QUAM
702 833 904 885 dolorosa,
923 834 1053 889 qu‘am
1072 847 1225 885 amara,
1254 847 1384 890 quam
1403 833 1623 889 inopinata
1641 837 1687 876 et
1704 833 1872 890 inopor-

369 891 539 933 tunata⁵
559 892 663 942 dies,
682 905 812 947 quam
830 891 1021 947 lugubris
1033 896 1077 934 et
1095 892 1276 943 ruinosa,
1298 905 1426 947 quam
1442 891 1597 934 flebilis
1615 891 1871 935 calamitatis

371 954 416 991 et
446 949 627 991 miseriae
657 950 796 1006 plena,
822 963 951 1005 quam
971 950 1105 992 eciam
1130 950 1349 1000 cediciosa,
1370 949 1599 992 anxietatis
1619 952 1663 992 et
1681 950 1872 992 moeroris

371 1007 750 1062 praemonstrativa,
770 1006 918 1063 quam⁰
936 1007 1086 1050 merito
1106 1007 1191 1050 dici
1219 1011 1397 1063 poterat,
1416 1007 1494 1049 Vae
1512 1007 1805 1050 habitantibus
1825 1007 1872 1049 in

373 1064 531 1116 Scocia‚
565 1078 666 1107 nam
698 1065 878 1107 inicium
916 1065 1110 1108 omnium
1149 1065 1342 1107 dolorum
1375 1065 1476 1107 haec.
1548 1065 1616 1108 De
1655 1065 1735 1107 hac
1773 1078 1872 1108 vero

370 1122 542 1164 miseria
561 1127 605 1165 et
623 1122 843 1178 inopinata
861 1122 1032 1165 fortuna
1056 1123 1232 1178 quidam
1251 1127 1370 1166 vates
1399 1122 1563 1174 ruralis,
1583 1123 1771 1166 nescitur
1789 1136 1874 1178 quo

371 1180 528 1235 spiritu
547 1180 769 1231 excitatus,
788 1180 970 1223 Thomas
991 1180 1197 1236 Rymour⁷
1210 1185 1492 1235 nuncupatus,
1507 1180 1644 1236 pridie
1656 1194 1786 1236 quam
1797 1194 1873 1222 rex

370 1238 631 1280 infortunate
650 1238 816 1289 cecidit,
845 1238 958 1280 dixit
977 1238 1123 1281 comiti
1152 1238 1439 1282 Marchiarum
1458 1251 1599 1281 coram
1618 1237 1875 1294 quibusdam

369 1295 563 1351 Anglicis
583 1296 886 1351 praesentibus:
918 1296 1018 1338 Heu
1038 1296 1125 1338 diei
1139 1296 1344 1347 crastinae,
1360 1296 1450 1338 dies
1470 1296 1587 1338 enim
1601 1296 1683 1338 erit
1701 1295 1874 1338 calami-

371 1353 475 1395 tatis
494 1357 539 1395 et
558 1354 751 1405 miseriae,
770 1353 861 1396 dies
890 1367 1044 1410 magna
1073 1357 1117 1396 et
1147 1367 1288 1396 amara
1318 1353 1443 1396 valde
1472 1353 1520 1395 in
1543 1367 1672 1410 regno
1705 1353 1874 1404 Scociae,

371 1410 586 1466 quoniam,
606 1416 734 1454 avant
752 1426 827 1466 que
845 1412 971 1454 scient
996 1410 1219 1454 duodecim
1236 1410 1362 1462 horae,
1381 1411 1481 1453 talis
1499 1415 1653 1454 ventus
1673 1411 1876 1454 conflabit

372 1482 449 1524 per
467 1472 607 1511 totum
624 1483 803 1525 regnum
818 1468 1003 1520 Scociae,⁸
1017 1469 1156 1524 qualis
1174 1482 1420 1524 nuncquam
1435 1468 1606 1511 auditus
1621 1473 1687 1511 est
1698 1482 1724 1511 a
1737 1468 1875 1511 multo

373 1530 580 1569 retroacto
613 1522 803 1582 tem'pore
815 1543 826 1579 ;
860 1528 983 1582 cujus
1002 1527 1128 1569 flatus
1148 1526 1461 1582 obstupescere⁹
1489 1526 1616 1569 faciet
1642 1526 1877 1577 audientes,

373 1584 539 1626 excelsa
553 1584 724 1627 cordis¹⁰
738 1584 994 1636 humiliabit,
1001 1584 1187 1627 etaltaet
1197 1584 1332 1640 rigida
1346 1583 1561 1626 moncium
1576 1583 1875 1639 complanabit.

375 1642 529 1684 Comes
548 1656 648 1684 vero
668 1641 969 1693 Marchiarum,
999 1642 1114 1697 apud
1139 1642 1321 1684 Dunbar
1339 1642 1539 1693 existens,
1564 1641 1768 1697 quidnam
1795 1641 1876 1684 hoc

375 1699 630 1754 significaret
649 1699 913 1755 ignoratus,¹¹
933 1699 1111 1742 miratus
1131 1703 1196 1742 est
1213 1699 1362 1753 valde3
1396 1703 1440 1742 et
1468 1701 1654 1742 crastina
1673 1699 1753 1750 die,
1772 1698 1877 1741 hora

376 1762 560 1812 captata,
579 1757 749 1799 nullum
768 1758 814 1800 in
834 1771 929 1801 aere
953 1757 1221 1800 ventositatis
1242 1758 1411 1813 signum
1429 1757 1678 1813 percipiens,
1698 1757 1878 1812 putabat

374 1828 419 1857 se
439 1828 597 1857 errasse
612 1819 657 1858 et
668 1815 939 1858 mendacium
953 1815 1124 1859 dixisse.
1168 1815 1516 1870 Verumptamen,
1527 1816 1620 1870 ipso
1631 1815 1877 1870 prandente,

376 1886 472 1914 ecce
492 1873 634 1915 subito
654 1874 837 1916 nuncius
856 1873 1031 1928 quidam
1051 1874 1105 1915 ab
1124 1872 1322 1928 aquilone
1334 1872 1521 1923 veniens,
1539 1873 1705 1928 impetu
1723 1885 1877 1928 magno

374 1930 429 1972 ad
449 1934 615 1985 portam
634 1931 825 1987 pulsans,
844 1931 1066 1973 introitum
1086 1931 1218 1986 petit3
1237 1931 1313 1986 qui
1328 1930 1551 1973 confestim
1569 1934 1748 1973 mortem
1767 1930 1878 1985 regis

374 1988 605 2031 serotinam
633 1990 681 2031 in
700 1988 914 2031 formam¹²
932 1992 1139 2043 repetens,
1158 1988 1412 2031 mirantibus
1441 1988 1652 2040 omnibus,
1678 1988 1801 2044 quasi
1829 1988 1878 2029 in

375 2046 618 2088 extasiamss
631 2046 762 2102 positi
776 2050 879 2089 sunt
893 2046 1131 2101 stupefacti.
1158 2046 1503 2089 Reminiscantur
1513 2046 1644 2102 igitur
1654 2045 1880 2101 principes,

375 2104 541 2159 praelati
561 2108 606 2147 et
623 2107 853 2160 magnates,
879 2104 1017 2159 qualis
1046 2108 1113 2147 est
1145 2103 1273 2159 hujus
1304 2104 1529 2146 mundanae
1557 2104 1659 2146 vitae
1686 2102 1880 2146 fallibilis

378 2162 650 2213 confidencia,
680 2162 895 2204 instabilis
926 2165 1075 2214 status,
1094 2161 1248 2204 flebilis
1279 2161 1433 2212 exituS,
1453 2161 1679 2204 dissolucio
1706 2161 1878 2203 misera-

377 2218 490 2270 bilis,
523 2233 636 2262 mors
669 2219 886 2270 terribilis,
920 2220 1042 2274 cujus
1075 2219 1179 2262 hora
1216 2218 1501 2262 incertissima
1538 2222 1615 2271 est,
1653 2222 1697 2262 et
1734 2219 1878 2262 omnia

378 2277 593 2330 praeterita
611 2278 855 2330 vanissima,
876 2281 920 2320 et
938 2281 1066 2320 vento
1086 2276 1373 2333 comparata.¹⁴

859 2391 1052 2446 explicit
1069 2393 1280 2446 septimus
1297 2391 1415 2437 liber.
1437 2433 1456 2444 ,

442 2546 456 2569 ¹
472 2548 511 2581 B.
531 2548 567 2582 C.
586 2548 629 2581 D.
647 2548 688 2582 E.
702 2549 827 2583 medio.
1203 2547 1218 2571 ²
1234 2550 1271 2583 Β.
1291 2549 1331 2583 E.
1349 2548 1559 2583 sustulisset.
1608 2549 1645 2584 C.
1664 2549 1878 2585 sustillisset.

443 2593 458 2616 ³
474 2595 518 2628 ad
535 2595 788 2629 successionem
802 2597 836 2628 in
850 2597 985 2638 maryin
1002 2597 1096 2631 later.
1201 2594 1216 2617 ⁴
1232 2596 1270 2632 C.
1287 2596 1326 2631 Ε.
1345 2596 1533 2639 Rymoure.

442 2640 457 2663 ⁵
473 2642 512 2676 B.
531 2642 780 2686 importunata.
830 2643 869 2676 G.
889 2643 929 2676 E.
947 2642 1178 2678 infortunata.
1398 2641 1413 2664 ⁰
1429 2642 1467 2675 B.
1486 2642 1524 2677 C.
1543 2642 1584 2677 D.
1603 2642 1644 2677 Ε.
1663 2643 1768 2688 quod.

443 2687 458 2710 ⁷
475 2689 609 2731 Rymor
620 2689 746 2722 altered
760 2690 796 2722 in
811 2700 903 2722 same
919 2689 1013 2723 hand
1029 2694 1062 2723 to
1078 2690 1246 2733 Rymour.
1294 2689 1334 2723 B.
1352 2689 1494 2731 Rymor.

442 2733 456 2756 ⁸
471 2735 729 2769 talis—Scociae
747 2737 781 2768 in
796 2738 931 2778 ‘mar-92⁰7»
945 2738 982 2768 in
996 2747 1088 2770 same
1103 2736 1206 2770 hand.
1385 2733 1401 2756 ⁹
1417 2736 1453 2769 O.
1471 2735 1512 2770 Ε.
1531 2747 1649 2770 omnes
1666 2739 1878 2781 stupescere.

429 2780 458 2803 ¹⁰
474 2782 512 2815 O.
530 2782 661 2816 excella
677 2781 790 2816 corda.
840 2782 878 2816 Ε.
897 2782 1033 2816 excelsa
1048 2782 1161 2816 corda.
1374 2781 1401 2804 ¹¹
1419 2783 1456 2816 B.
1475 2783 1510 2817 C.
1530 2783 1573 2817 D.
1591 2783 1630 2817 E.
1649 2783 1820 2829 ignorans.

429 2827 459 2850 ¹²
476 2829 513 2863 Β.
531 2829 718 2862 informare
734 2829 807 2862 and
822 2831 919 2862 omits
934 2829 981 2863 in.
1030 2829 1066 2863 C.
1081 2830 1119 2863 E.
1137 2830 1258 2864 forma.
1376 2828 1404 2851 ¹³
1420 2829 1458 2864 Β.
1476 2830 1635 2865 extasim.

428 2874 457 2898 ¹⁴
473 2876 516 2912 D.
533 2876 621 2910 adds
637 2878 674 2910 et
689 2876 739 2910 sic
754 2878 809 2910 est
825 2876 903 2910 finis
920 2885 986 2911 vn.
1003 2875 1093 2911 libri.
1135 2876 1258 2910 Amen.
