2008 3360
754 339 878 370 LIBER
900 339 1056 371 NONUS.
1583 334 1606 370 2
1613 333 1634 370 9
1643 333 1661 370 l

156 446 295 501 precio
326 445 535 501 redempti
564 448 676 488 sunt.
736 445 881 488 Tereia
910 445 1003 488 vice
1033 444 1214 487 intrans1
1235 444 1449 500 Angliam,
1469 445 1667 487 similiter

156 504 294 546 multa
313 502 500 559 dampna
519 503 722 555 faciendo,
742 504 850 546 bene
879 503 1025 546 evasit.
1086 504 1263 559 Propter
1294 503 1421 558 quod,
1453 503 1666 545 animatus

156 576 210 604 ex
230 562 314 605 hiis
338 562 474 604 tribus
490 562 769 612 evasionibus,
790 561 986 604 credebat
1007 575 1051 604 se
1071 575 1207 616 usque
1223 561 1277 604 ad
1297 562 1457 604 flumen
1477 561 1666 603 Humbri

156 624 291 662 totam
310 620 493 678 patriam
517 620 600 662 sibi
619 634 694 675 per
713 619 972 674 potenciam2
992 620 1226 674 subjugare.
1286 619 1341 661 In
1362 620 1509 662 eodem
1540 633 1664 670 anno,

155 687 233 719 xx⁰
253 679 322 723 die
351 679 510 720 mensis
539 678 569 720 J
571 678 674 729 unii,
706 678 902 719 dominus
934 677 1175 719 Alexander
1206 678 1259 720 de
1291 677 1488 733 Ramsay,
1517 677 1666 719 volens

154 739 297 780 tenere
328 736 489 780 curiam
517 736 838 778 vicecomitatus
867 735 1106 786 Tevidaliae‚
1136 735 1250 790 apud
1279 735 1487 777 Hauwik³
1515 749 1666 791 expec-

154 794 285 838 tando
321 797 471 838 citatos
503 794 660 845 venire,
694 794 941 849 supervenit
974 793 1088 835 filius
1123 793 1297 835 invidiae
1330 793 1574 835 Willelmus
1614 793 1667 835 de

155 852 346 909 Douglas
390 866 488 894 cum
528 856 786 893 armatorum
823 852 1020 906 potencia
1054 866 1140 893 non
1174 851 1351 902 modica,
1391 855 1434 893 et
1470 852 1666 902 eundem,

154 910 323 953 nullum
336 910 497 953 malum
509 910 556 951 in
569 923 616 952 eo
630 908 897 965 sperantem,4
911 909 1169 962 vulneravit3
1189 914 1233 951 et
1245 923 1390 952 secum
1408 909 1669 960 abducendo,

154 982 290 1023 usque
310 970 364 1012 ad
383 973 563 1010 mortem
578 968 623 1009 in
644 968 878 1009 carceribus
898 967 1130 1022 deputavit.
1204 968 1382 1022 Propter
1401 968 1515 1022 quod
1534 968 1668 1009 iratus

155 1030 221 1068 est
249 1042 323 1070 rex
345 1027 468 1070 valde
489 1029 635 1068 contra
654 1026 837 1068 eundem
856 1025 1125 1067 Willelmum
1156 1025 1208 1067 de
1239 1025 1441 1081 Douglas,
1471 1039 1520 1067 eo
1552 1025 1667 1080 quod

155 1088 245 1127 tam
266 1087 311 1128 in
332 1084 519 1134 ecclesia,
539 1083 716 1126 eandem
735 1083 935 1125 violando
955 1087 998 1125 et
1017 1083 1258 1138 polluendo,
1288 1083 1368 1125 hoc
1399 1083 1667 1139 sacrilegium

155 1143 269 1194 fecit,
289 1157 419 1199 quam
439 1142 573 1184 eciam
603 1142 649 1182 in
678 1145 971 1196 contemptum
992 1141 1136 1183 suum⁵
1156 1142 1391 1197 maiestatis
1419 1155 1546 1183 suum
1576 1142 1667 1183 offi—

157 1202 334 1243 ciarium
369 1204 412 1243 et
446 1199 737 1242 consiliarium
769 1199 829 1241 sic
859 1199 1085 1241 interemit.
1144 1199 1482 1254 Verumptamen
1509 1200 1556 1241 in
1585 1200 1665 1242 hoc

156 1259 493 1302 inconstanciam
542 1261 584 1300 et
632 1257 854 1300 levitatem
903 1257 1012 1312 regis
1071 1257 1259 1299 multum
1314 1258 1666 1312 vituperaverunt

157 1318 381 1373 sapientes,
402 1320 443 1359 et
465 1329 563 1358 oum
582 1315 663 1357 hoc
683 1329 805 1357 suam
825 1315 1185 1357 inadvertenciam
1203 1319 1246 1357 et
1258 1316 1576 1370 negligenciam,
1589 1316 1666 1370 qui

155 1377 274 1430 prius
296 1375 428 1418 dictoss
440 1374 659 1417 Willelmo
675 1374 727 1415 de
743 1373 933 1429 Douglas
949 1373 1112 1416 dictum
1127 1373 1314 1415 officium
1326 1374 1666 1415 vicecomitatus!

157 1434 287 1484 dedit,
307 1439 350 1476 et
370 1436 516 1488 postea
544 1432 719 1487 praefato
749 1431 992 1473 Alexandro
1028 1432 1079 1474 de
1115 1432 1313 1487 Ramsay,
1348 1432 1507 1486 absque
1538 1445 1667 1474 causa

157 1491 489 1534 forisfacturum8
518 1491 623 1532 dicti
652 1490 861 1531 Willelmi
891 1490 943 1531 de
974 1489 1188 1545 Douglas:
1229 1504 1305 1545 per
1334 1490 1448 1545 quod
1478 1490 1665 1532 multum

158 1550 464 1592 dubitaverunt
502 1548 714 1603 sapientes
750 1551 793 1589 et
832 1548 1062 1602 prudentes
1102 1548 1184 1589 viri
1225 1548 1276 1589 de
1316 1547 1480 1590 infelici
1520 1562 1665 1590 conse-

158 1608 350 1662 quencia,
371 1606 431 1649 019
450 1606 504 1648 ad
524 1606 628 1648 talia
654 1604 895 1660 promissa10
914 1605 1109 1660 insignia,
1129 1606 1244 1647 dicto
1271 1619 1398 1660 regno
1419 1609 1600 1648 ventura
1616 1606 1664 1658 3¹¹

156 1666 259 1720 quia
287 1666 379 1720 ipse
409 1677 545 1720 pauca
573 1668 740 1705 matura
760 1663 1066 1706 deliberacione
1096 1677 1194 1704 cum
1221 1663 1397 1705 consilio
1422 1664 1664 1718 sapientum

156 1723 329 1779 peregit,
342 1723 416 1764 sed
432 1722 617 1777 capitose
634 1721 694 1763 et9
706 1735 783 1763 sua
796 1722 966 1776 propria
981 1721 1179 1776 opinione
1195 1721 1435 1763 inconsulte
1449 1735 1559 1776 saepe
1574 1736 1665 1776 pro-

157 1782 295 1831 cessit,
312 1786 361 1823 ut
380 1784 527 1836 postea
547 1779 753 1835 apparuit.
804 1779 929 1830 Nam,
945 1793 1020 1834 per
1032 1784 1211 1821 mortem
1232 1779 1366 1833 ipsius
1382 1779 1665 1830 Alexandri,¹²

157 1839 347 1881 mortalis
377 1852 526 1894 guerra
546 1844 589 1880 et
608 1836 937 1880 interminabilis
958 1837 1011 1878 lis
1043 1840 1085 1879 et
1106 1837 1314 1879 discordia
1343 1837 1454 1878 inter
1473 1851 1664 1892 proceres

156 1898 276 1952 regni
296 1901 441 1939 exorta
462 1899 527 1938 est
544 1912 552 1937 z
581 1896 642 1937 ita
657 1895 783 1950 quod,
804 1909 829 1936 a
849 1895 1005 1949 majore
1025 1892 1160 1950 usque
1181 1895 1234 1936 ad
1263 1896 1483 1945 minorem,
1512 1899 1664 1937 mutua

158 1955 270 1997 caede
290 1955 504 1997 cotidiana
523 1957 664 1996 totum
683 1967 861 2009 regnum
883 1954 1101 1994 turbatum
1121 1956 1196 2003 est,
1217 1953 1277 1995 sic
1298 1954 1411 2008 quod
1441 1954 1662 2008 utriusque

157 2014 290 2067 partis
320 2013 458 2062 amici,
477 2016 682 2067 tanquam
702 2012 868 2053 inimici
888 2025 932 2053 se
952 2011 1139 2053 invicem
1170 2012 1361 2053 'vicissim
1390 2012 1664 2062 trucidantes,

157 2070 319 2112 crudeli
338 2074 472 2112 morte
492 2071 539 2111 in
562 2070 703 2125 gladio
733 2070 987 2112 ceciderunt.
1046 2069 1260 2111 Dominus
1289 2083 1388 2111 vero
1419 2069 1663 2111 Willelmus

158 2128 328 2178 Bullok,
349 2128 425 2183 qui
444 2129 581 2169 multa
598 2129 710 2170 bona
729 2128 775 2169 in
795 2141 922 2183 regno
943 2128 1110 2178 fecerat,
1132 2132 1303 2182 propter
1332 2127 1540 2169 invidiam
1561 2128 1663 2182 quia

158 2186 277 2227 dives
313 2190 412 2236 erat,
444 2199 497 2227 ex
529 2185 700 2227 sinistra
731 2185 939 2227 relacione
971 2185 1215 2226 invidorum
1246 2189 1289 2227 et
1322 2185 1408 2226 levi
1437 2186 1546 2240 regis
1577 2200 1664 2228 cre-

159 2244 309 2285 dencia
322 2247 471 2298 captus
492 2247 567 2293 est,
581 2247 624 2285 et
636 2243 749 2298 apud
763 2243 1059 2285 Louchindorb
1072 2243 1118 2284 in
1131 2243 1367 2285 carceribus
1379 2243 1658 2299 mancipatus.

158 2302 390 2356 Postquam
409 2300 544 2342 vero¹³
563 2301 827 2342 consiliarius
847 2301 957 2355 regis
973 2300 1118 2342 David
1147 2300 1326 2342 intimus
1348 2305 1390 2342 et
1411 2302 1662 2343 camerarius

157 2359 333 2401 effectus
354 2364 430 2409 est,
450 2358 808 2413 quemadmodum
828 2358 1073 2400 Alexander
1092 2359 1280 2413 Ramsay
1300 2359 1411 2400 fame
1440 2360 1590 2413 periit3
1620 2364 1663 2402 et

157 2417 211 2459 ab
231 2417 311 2459 hac
341 2417 445 2458 hora
465 2416 517 2458 de
537 2417 678 2471 pejore
708 2416 754 2457 in
783 2416 905 2470 pejus
929 2430 1118 2471 regnum,
1153 2415 1199 2457 in
1233 2417 1350 2457 omni
1384 2418 1663 2472 prosperitate

156 2478 261 2517 tunc
282 2475 482 2524 existens,
501 2474 747 2529 gra[da]tim
769 2474 1056 2525 decrescendo,
1076 2474 1123 2515 in
1152 2474 1385 2516 miserabili
1413 2480 1663 2530 paupertate

157 2536 201 2574 et
240 2537 424 2588 egestate
465 2532 695 2574 delabatur.
769 2532 873 2573 Erat
912 2532 1028 2573 enim
1066 2531 1151 2573 hiis
1190 2531 1340 2574 diebus
1374 2532 1581 2588 gallorum
1621 2538 1664 2576 et

156 2590 450 2646 galli[n]arum
488 2590 676 2632 maxima
714 2589 976 2645 pestilencia,
1017 2590 1079 2632 ita
1121 2590 1236 2645 quod
1284 2590 1430 2633 nullus
1479 2592 1663 2634 audebat

220 2723 232 2744 ¹
250 2724 288 2757 C.
307 2723 446 2758 intians.
1244 2724 1258 2745 2
1275 2725 1312 2758 O.
1332 2725 1372 2758 Ε.
1391 2725 1463 2758 add
1479 2725 1555 2759 sibi.

219 2769 234 2790 ³
250 2771 288 2804 B.
308 2771 495 2814 Awuwyk.
546 2771 583 2805 O.
604 2771 642 2806 Ε.
662 2771 816 2814 Hawyk.
865 2771 907 2805 D.
927 2771 1094 2815 Hanvyk.
1243 2771 1258 2792 ⁴
1275 2772 1311 2806 O.
1332 2773 1372 2806 E.
1391 2775 1564 2814 sperante.

220 2816 235 2837 ⁵
252 2818 289 2852 O.
309 2818 351 2852 D.
370 2818 410 2851 E.
429 2829 509 2852 suae.
1240 2817 1254 2838 ⁶
1274 2819 1310 2853 C.
1330 2819 1372 2853 D.
1393 2820 1432 2853 E.
1450 2819 1628 2862 praedicto.

221 2862 235 2885 7
253 2864 290 2897 Ο.
308 2865 348 2898 Ε.
368 2865 632 2899 vicecomitatis.
682 2865 724 2899 D.
743 2865 869 2900 altered
875 2866 974 2908 from
991 2865 1254 2900 viceoomitatis.

222 2909 236 2929 ⁸
252 2911 292 2944 B.
310 2912 549 2946 forisfactoris.
599 2913 635 2946 G.
655 2913 695 2946 E.
714 2912 954 2946 forisfacturae.
1245 2911 1260 2933 ⁹
1277 2913 1312 2947 O.
1332 2913 1372 2947 E.
1391 2914 1471 2946 omit
1489 2915 1534 2946 et.

207 2956 236 2977 ¹⁰
253 2958 288 2991 C.
308 2958 346 2991 E.
365 2960 550 3001 praemissa.
1227 2958 1254 2980 ¹¹
1273 2960 1309 2993 O.
1329 2961 1368 2993 E.
1387 2959 1559 2992 veniente.

208 3002 236 3024 ²²
253 3004 289 3038 O.
310 3005 348 3038 E.
368 3008 447 3038 omit
464 3006 666 3040 Alexandri.
1227 3004 1254 3026 ¹³
1271 3006 1308 3039 C.
1328 3007 1367 3039 E.
1386 3007 1468 3039 omit
1484 3017 1574 3039 vero.
