2008 3360
794 317 920 348 LIBER
941 315 1098 347 NONUS.

198 423 327 466 Anno
347 423 527 466 Domini
546 429 598 466 Μο
611 428 700 466 0000
711 423 818 465 xxvi
837 426 954 465 totus
976 422 1123 465 clerus.

197 516 326 558 Anno
346 515 524 558 Domini
544 520 597 556 Μο
609 520 699 557 0000
711 514 820 556 xxix
847 514 954 556 obiit
977 512 1281 556 nobilissimus.

200 609 255 650 In
277 608 447 650 nomine
468 608 607 650 Patris
628 611 671 650 et
690 607 792 649 Filii
811 610 854 649 et
875 607 1059 662 Spiritus
1082 606 1238 649 Sancti.
1298 604 1447 647 Amen.

199 701 374 743 Mortuo
395 701 580 756 quidem,
601 703 650 742 ut
670 699 937 755 praemissum
958 702 1033 741 est.

200 794 320 835 Dum
341 797 484 835 autem
503 807 576 835 rex
599 793 809 834 Robertus
829 791 876 832 in
896 790 1110 833 extremis.

198 885 433 928 Edwardus
453 899 551 927 vero
572 884 624 926 de
644 883 836 934 Balliolo,
857 887 1093 938 postquam.

199 977 388 1019 Nomina
406 980 654 1032 magnatum
675 989 773 1018 cum
794 975 941 1017 eodem
962 973 1181 1016 Edwardo.

199 1069 329 1110 Anno
349 1068 527 1110 Domini
546 1073 598 1108 M⁰
612 1072 702 1109 0000
714 1067 855 1108 xxxiii
877 1066 1061 1109 veniens.

199 1160 326 1202 Anno
347 1159 524 1201 Domini
545 1164 597 1200 Μο
611 1163 699 1201 0000
713 1172 833 1200 xxxv
854 1158 1051 1199 dominus
1071 1157 1101 1199 J
1103 1157 1304 1199 ohannes.

199 1251 374 1307 Anglioi
393 1265 492 1294 vero
513 1265 612 1293 cum
632 1250 720 1293 suis
741 1250 988 1292 fautoribus.

203 1344 373 1386 Interea
392 1357 491 1385 vero
512 1357 538 1384 a
557 1342 853 1385 transmarinis
874 1342 1068 1397 partibus
1090 1355 1114 1382 a
1133 1354 1241 1396 rege.

199 1417 328 1478 Anno
349 1450 447 1478 vero
469 1435 711 1490 supradicto
732 1441 784 1476 Μο
797 1441 886 1477 0000
899 1448 1017 1476 xxxv
1037 1434 1184 1489 pridie.

204 1528 314 1570 Cum
336 1528 476 1569 dictus
498 1526 688 1568 Andreas
710 1526 762 1568 de
783 1526 986 1568 Moravia.

203 1619 330 1660 Anno
350 1632 450 1660 vero
471 1618 666 1672 sequenti
688 1618 900 1659 Henrious
922 1617 974 1659 de
996 1618 1220 1658 Benmont.

204 1710 307 1751 Post
328 1709 407 1751 hoo
428 1723 527 1751 vero
548 1722 686 1750 comes
708 1708 760 1750 de
783 1708 1010 1762 Salisbery.

202 1801 331 1842 Anno
352 1800 529 1842 Domini
549 1809 601 1841 ΜΟ
614 1807 703 1842 0000
715 1799 882 1841 xxxviii
904 1799 1020 1841 obiit.

204 1894 414 1935 Robertus
433 1893 578 1946 itaque
600 1892 790 1942 Stewart,
811 1894 1039 1946 postquam
1059 1890 1219 1932 villam.

203 1984 329 2025 Anno
350 1983 527 2024 Domini
547 1988 599 2023 M⁰
613 1991 701 2024 0000
718 1981 807 2032 xlii,
828 1995 955 2037 regno
979 1981 1134 2023 Scooiae
1154 1980 1387 2036 pacificato.

203 2075 332 2116 Anno
353 2073 530 2115 Domini
550 2083 602 2114 ΜΟ
615 2078 704 2115 0000
717 2073 826 2115 xlvi⁰
847 2086 922 2114 rex
943 2073 1132 2114 Franciae
1158 2072 1398 2127 Philippus

207 2167 522 2220 Subsequenter
542 2179 641 2207 vero
662 2168 704 2207 et
725 2163 934 2206 inoidens1
956 2178 1067 2206 anno
1088 2164 1276 2206 Domini.

206 2260 335 2301 Anno
355 2257 533 2299 Domini
554 2265 605 2297 M0
618 2263 707 2298 0000
720 2257 795 2298 xlv
816 2258 865 2298 in
885 2270 1016 2297 mense
1035 2256 1269 2298 Februarii.

205 2350 334 2392 Anno
355 2348 533 2390 Domini
553 2356 605 2389 Μο
619 2356 707 2389 0000
719 2347 764 2388 lv
783 2360 857 2388 rex
878 2348 912 2388 F
914 2347 1067 2389 ranciae
1088 2348 1117 2388 J
1121 2346 1319 2389 ohannes.

207 2441 307 2483 Hiis
328 2443 473 2481 tamen
495 2438 643 2480 diebus
664 2451 739 2479 rex
760 2436 916 2479 Seooiae
936 2436 1080 2478 David
1100 2437 1147 2478 in
1166 2436 1336 2491 Anglia.

206 2533 334 2574 Anno
355 2529 531 2572 Domini
553 2537 605 2570 M⁰
618 2535 707 2570 0000
719 2527 814 2569 lviii
833 2542 908 2569 rex
927 2527 1094 2583 Angliae
1115 2527 1361 2570 Edwardus.

208 2623 337 2665 Anno
357 2636 456 2665 vero
478 2619 674 2676 sequenti
694 2633 769 2661 rex
789 2619 933 2661 David
953 2619 1093 2661 tenuit
1117 2618 1242 2674 apud.

1625 306 1647 343 2
1655 305 1702 343 21

1524 417 1627 463 xxii.

1528 508 1650 553 xxiii.

1526 600 1667 646 xxiiii.

1526 700 1617 739 xxh.

1528 786 1638 831 xxni.

1529 877 1657 922 xxnii.

1531 968 1678 1014 xxhiii.

1531 1062 1641 1107 xxix.

1528 1168 1620 1198 xxx.

1530 1246 1640 1291 xxxi.

1536 1337 1666 1382 xxxii.

1535 1430 1685 1475 xxxiii.

1533 1521 1702 1566 xxxiiii.

1535 1620 1652 1659 xxxh.

1535 1703 1672 1749 xxxbi.

1531 1795 1687 1840 xxxhii.

1540 1887 1714 1933 xxxhiii.

1535 1978 1673 2024 xxxix.

1534 2070 1590 2115 xl.

1536 2162 1611 2207 xli.

1532 2254 1627 2299 xlii.

1532 2345 1646 2392 xliii.

1532 2435 1664 2481 xliiii.

1533 2527 1616 2573 xlh.

1534 2618 1636 2664 xlhi.

307 2787 579 2845 [OExplicinni
599 2786 740 2843 capita
760 2784 1043 2841 tapiinlornm
1062 2784 1168 2829 libri
1187 2784 1304 2830 nuni.
1366 2783 1622 2840 Sequimini?

853 2850 1073 2907 capitula]

783 2979 793 2999 ¹
813 2980 850 3013 B.
871 2979 912 3012 D.
931 2979 1135 3012 incidenter.
