2008 3360
354 280 435 319 344
846 290 971 321 LIBER
991 288 1343 322 PLUSCARDENSIS.

348 391 536 434 exercitu
556 393 761 435 universo.
823 394 938 444 Quos
967 394 1014 435 in
1043 393 1278 435 continenti
1307 392 1477 448 aggredi
1503 392 1671 436 volebat
1699 393 1836 437 dictus

350 449 563 493 Henricus
599 451 651 493 de
685 451 819 505 Percy
831 466 842 502 ;
871 450 945 493 sed
980 450 1119 493 dictus
1153 464 1291 494 comes
1325 450 1507 493 eundem
1535 450 1767 494 Hernicum
1787 452 1839 494 de

347 506 440 549 loco
461 521 536 550 suo
556 521 723 550 movere
742 507 984 562 permittere
1003 508 1200 559 nolebat,1
1216 508 1290 551 sed
1310 508 1546 563 sagittarios
1566 521 1663 551 suos
1683 509 1840 551 eisdem

347 566 654 607 transmitteret
672 567 841 607 tantum
860 565 1149 621 persuadendo
1178 566 1401 616 consuluit,
1421 565 1497 621 qui
1515 565 1682 608 eosdem
1701 566 1842 609 taliter

349 622 611 664 molestando
631 626 675 665 et
686 622 947 665 vulnerando
967 626 1106 665 tractu
1125 624 1360 679 fatigarent,
1361 622 1378 648 2
1392 628 1442 665 ut
1457 622 1509 665 de
1526 623 1614 665 levi
1633 623 1839 678 posterius

349 679 516 722 eosdem
529 680 621 722 sine
636 681 864 723 certamine
879 684 1096 736 superatos
1112 682 1361 737 captivaret.
1381 680 1492 735 quod
1512 680 1574 723 ita
1592 681 1752 723 factum
1767 683 1840 723 est.

349 736 435 779 Ubi
451 737 684 793 Anglorum
699 738 874 793 sagittae,
889 741 1133 794 tanquam
1109 738 1330 781 orandines
1344 738 1547 789 volantes,
1561 738 1719 780 multos
1734 738 1840 780 occi-

349 794 514 845 derunt,
527 795 684 838 multos
703 796 1044 847 vulneraverunt,
1058 796 1215 839 multos
1236 796 1425 851 captivos
1445 796 1710 850 duxerunt,
1705 795 1845 838 Ceci-

348 851 502 894 derunt
536 866 633 895 vero
665 853 713 895 in
745 853 857 896 bello
891 854 921 897 J
923 853 1111 896 ohannes
1146 854 1343 896 dominus
1377 853 1430 896 de
1465 854 1681 909 Swynton,
1702 853 1842 895 Adam

348 909 544 953 dominus
575 911 627 953 de
662 910 862 962 Gordon‚³
890 912 921 954 J
922 911 1109 954 ohannes
1139 911 1191 954 de
1220 910 1493 967 Levingston⁴
1522 911 1574 953 de
1609 910 1843 961 Calendar‚⁵

346 966 545 1011 dominus
584 968 638 1011 de
669 968 902 1024 Dalwosy,⁶
930 968 1144 1011 Walterus
1184 968 1385 1024 Ramsay⁷
1421 968 1473 1011 de
1512 969 1665 1011 Sancto
1705 968 1842 1019 Claro,

347 1025 535 1080 Rogerus
556 1026 608 1068 de
624 1026 860 1077 Gordouue,
876 1026 1090 1069 Walterus
1107 1027 1214 1070 Scot.
1276 1026 1401 1082 Capti
1420 1029 1521 1069 sunt
1540 1026 1671 1068 enim⁸
1684 1026 1842 1068 ibidem

345 1082 544 1126 dominus
573 1084 836 1127 Murdachus
866 1084 1056 1136 Stewart,
1085 1084 1281 1127 dominus
1309 1083 1594 1126 Archibaldus
1622 1097 1761 1126 comes
1790 1083 1844 1125 de

346 1140 550 1196 Douglas‚
579 1141 776 1184 dominus
806 1141 989 1184 Thomas
1020 1142 1194 1198 [comes]
1231 1142 1444 1192 Mor-aviae,
1478 1141 1674 1183 dominus
1703 1154 1842 1183 comes

346 1198 562 1253 Angusiae,
596 1213 695 1242 cum
733 1198 881 1242 multis
919 1199 1152 1242 minoribus
1190 1199 1404 1241 nobilibus
1438 1212 1618 1253 quorum
1656 1212 1743 1240 non
1777 1203 1842 1241 est

345 1268 505 1298 memor
523 1256 716 1312 amplius.
776 1257 930 1299 Dictus
949 1270 1048 1299 vero
1077 1270 1217 1299 comes
1237 1256 1288 1299 de
1308 1256 1498 1312 Douglas
1527 1256 1685 1298 ibidem
1705 1270 1840 1298 unum

346 1313 517 1355 oculum
537 1318 580 1356 et
599 1328 734 1357 unum
755 1314 807 1356 de
825 1313 1080 1369 genitalibus
1101 1314 1189 1357 suis
1209 1313 1381 1356 amisit.⁹

396 1476 610 1531 &quitur
629 1478 676 1522 he
695 1478 942 1522 abcessistis
961 1479 1093 1590 1111ῦὲ11
1113 1478 1160 1552 {12
1181 1478 1366 1528 OEclzlam.
1389 1490 1478 1523 cnm
1498 1477 1791 1523 incihmtiiz.¹⁰

1063 1580 1070 1589 .
1093 1557 1175 1589 xxx.

347 1632 554 1698 POST
585 1651 677 1695 haec
708 1655 851 1695 autem
882 1652 1081 1696 dominus
1110 1652 1322 1696 Henricus
1342 1653 1569 1709 Hatspure,
1589 1653 1768 1697 confisus
1790 1653 1842 1697 de

345 1709 523 1752 consilio
557 1709 722 1752 domini
757 1710 934 1767 Georgei
968 1711 1021 1754 de
1054 1711 1244 1762 Dunbar,
1264 1715 1420 1767 putans
1454 1725 1499 1755 se
1528 1711 1580 1755 de
1602 1711 1689 1755 levi
1707 1714 1843 1754 totam

344 1768 527 1823 patriam
545 1767 773 1810 Laudoniae
791 1782 927 1824 usque
947 1769 1001 1811 ad
1020 1782 1134 1811 mare
1154 1769 1423 1812 Scoticanum
1452 1782 1539 1812 suae
1567 1769 1724 1812 dicioni
1743 1769 1842 1812 sub-

339 1826 498 1881 jugare,
518 1838 572 1867 ex
591 1839 641 1868 eo
660 1826 775 1881 quod
788 1826 1047 1870 valenciores
1066 1826 1393 1869 armidoctores¹¹
1409 1826 1513 1869 alias
1533 1830 1576 1869 et
1589 1831 1639 1869 ut
1656 1827 1841 1883 praemit-

345 1883 452 1925 titur
475 1888 712 1938 superasset
744 1884 1075 1939 principaliores,
1094 1888 1184 1927 tam
1218 1884 1333 1940 apud
1365 1884 1410 1926 N
1410 1884 1533 1939 esbyt
1566 1897 1694 1939 quam
1727 1884 1841 1939 apud

347 1940 855 1997 Hammilton‚—propter
874 1941 999 1997 quod,
1018 1941 1192 1985 collecta
1211 1955 1353 1984 secum
1367 1942 1554 1984 maxima
1567 1941 1842 1984 multitudine

346 2002 613 2049 armatorum,
634 1999 688 2040 ad
707 1999 858 2041 turrim
878 1999 931 2041 de
951 1999 1135 2050 Coklaw,
1154 2012 1241 2041 una
1270 2012 1368 2042 cum
1387 1999 1540 2042 comite
1559 1998 1842 2042 Marchiarum

347 2056 504 2098 Scociae
523 2069 677 2107 secum,
699 2056 961 2099 obsidionem
979 2056 1142 2108 misit‚1²
1161 2060 1204 2099 et
1222 2056 1467 2112 praedictam
1485 2056 1638 2099 turrim
1658 2056 1711 2099 de
1731 2056 1841 2100 Cok-

344 2112 461 2156 law¹³
476 2114 640 2156 fortiter
652 2114 924 2170 expugnavit.
983 2114 1239 2170 Capitaneus
1254 2127 1351 2157 vero
1367 2114 1471 2157 dicti
1488 2114 1582 2165 loci,
1598 2114 1841 2159 Gledstanis

343 2172 527 2223 nomine,
545 2171 731 2227 prudens
764 2171 954 2228 armiger,
974 2172 1124 2215 videns
1157 2172 1325 2215 nullum
1358 2171 1441 2215 sibi
1474 2186 1718 2215 succursum
1746 2185 1840 2227 pro-

344 2229 546 2280 futurum,
571 2243 669 2271 cum
699 2229 761 2272 eis
790 2229 1118 2285 appunctuando
1147 2230 1416 2272 concordavit
1445 2233 1489 2273 et
1518 2233 1702 2273 castrum
1731 2229 1840 2271 infra

345 2290 508 2329 certum
527 2291 707 2343 tempus,
737 2287 784 2329 in
810 2287 980 2330 defectu
1008 2301 1242 2339 succursus,
1272 2287 1431 2330 eisdem
1459 2287 1630 2331 reddere
1657 2300 1840 2330 conven—

345 2344 464 2387 cione
487 2345 600 2387 facta
633 2345 837 2411 promisit..
898 2345 1016 2388 Infra
1049 2345 1164 2400 quod
1196 2349 1364 2401 tempus
1398 2345 1610 2388 Dominus
1642 2345 1762 2388 fortis
1796 2348 1839 2386 et

343 2405 493 2456 potens
513 2402 560 2444 in
579 2402 741 2457 proelio,
761 2403 837 2458 qui
855 2416 942 2445 non
959 2402 1155 2446 irascitur
1172 2416 1249 2459 per
1267 2402 1454 2459 singulos
1474 2403 1576 2455 dies,
1590 2416 1667 2445 nec
1686 2402 1838 2457 imper-

343 2462 521 2513 petuum
540 2460 753 2510 irascetur,
773 2460 847 2503 sed
866 2460 1080 2516 flagellum
1099 2460 1327 2503 iracundiae
1353 2474 1440 2503 suae
1469 2460 1696 2516 aliquando
1723 2458 1839 2500 miti-

343 2528 459 2569 gans,
479 2518 688 2559 convertit
706 2517 893 2573 gladium
915 2518 1182 2585 Anglorum
1170 2532 1217 2560 111
1236 2518 1334 2560 sinu
1363 2532 1518 2570 eorum,
1538 2522 1581 2560 et
1608 2518 1655 2559 in
1681 2516 1838 2558 finibus

343 2572 496 2615 Valliae
516 2573 633 2615 dedit
652 2588 723 2617 eos
743 2576 790 2617 in
809 2588 961 2618 manus
980 2575 1166 2629 inimici;
1194 2579 1238 2619 et
1258 2576 1464 2618 dominati
1483 2578 1584 2618 sunt
1602 2586 1745 2617 eorum
1764 2574 1840 2628 qui

403 2694 417 2717 ¹
435 2695 477 2729 D.
495 2706 566 2728 non
582 2695 731 2730 volebat.
782 2697 819 2730 C.
839 2697 879 2729 Ε.
898 2697 981 2730 have
997 2697 1059 2730 sed
1074 2700 1124 2731 ut.
1375 2696 1389 2719 ²
1406 2698 1441 2731 C.
1461 2698 1500 2731 E.
1518 2697 1692 2741 sagitaret.

404 2741 419 2765 ³
435 2742 473 2776 G.
493 2742 535 2775 E.
553 2741 740 2775 Gor-down.
882 2742 896 2764 4
912 2743 949 2777 C.
969 2744 1010 2777 D.
1029 2745 1069 2778 Ε.
1087 2744 1111 2777 J
1114 2744 1268 2777 ohannes
1285 2743 1483 2777 Levinston.

407 2788 422 2811 ⁵
438 2789 476 2824 B.
497 2789 679 2823 Kalencar.
1374 2789 1389 2811 θ
1405 2791 1441 2824 0.
1460 2791 1500 2823 E.
1520 2789 1685 2833 Dalwlsy.

405 2835 420 2858 ⁷
437 2836 476 2870 B.
495 2836 538 2870 D.
558 2836 721 2879 Ramsay,
740 2835 927 2869 Walterus.
978 2836 1015 2870 O.
1035 2836 1074 2871 E.
1095 2836 1324 2879 Rammissay,
1340 2836 1527 2871 Walterus.

404 2881 419 2904 ⁸
435 2883 473 2916 B.
492 2883 612 2916 eciam.
846 2881 861 2903 ⁹
880 2883 918 2916 O.
940 2885 1037 2916 omits
1053 2883 1182 2916 amisit.
1247 2883 1276 2905 ¹⁰
1293 2884 1329 2917 O.
1349 2883 1387 2916 E.
1406 2894 1484 2916 cum
1500 2883 1735 2917 incidentibus
1752 2883 1835 2918 suis.

389 2928 416 2951 ¹¹
433 2930 473 2963 B.
491 2929 750 2963 armiductores.
831 2927 861 2950 ¹2
877 2930 915 2962 Β.
935 2929 1062 2963 amisit.
1359 2929 1386 2951 ¹³
1402 2931 1438 2964 O.
1459 2931 1496 2963 E.
1516 2932 1595 2964 omit
1611 2931 1655 2964 de
1672 2930 1826 2965 Ooklaw.
