2014 3354
325 288 417 335 xlvi
819 304 1038 336 APPENDIX
1057 304 1110 335 To
1130 304 1332 335 PREFACE.

326 408 527 464 Sequitur
545 409 598 451 de
618 409 881 452 successione
899 408 1134 452 Alexandri
1152 408 1294 450 fratris
1316 408 1394 450 sui.

1410 472 1662 527 eapitulnm
1680 471 1829 517 xxtiii.

514 558 589 591 Pro
605 557 688 591 Fers
707 558 762 599 (ib.
781 568 813 600 p.
833 557 912 598 227,
933 557 955 590 1.
975 559 1009 598 9)
1028 557 1076 589 Le
1092 556 1190 590 Fiers
1207 556 1336 599 leqitur.

512 613 596 647 Post
611 613 854 646 canonicorum
868 613 923 654 (ib.
942 612 965 645 l.
980 613 1039 653 30)
1056 613 1102 645 sic
1118 611 1238 654 leyitur
1249 610 1519 656 .·—regu1arium
1534 611 1572 645 in
1587 611 1701 645 insula
1712 611 1832 647 Sancti

561 667 738 702 Columbae
754 668 858 711 juxta
876 666 1105 700 Inverkethin
1121 666 1295 700 Eumenia
1312 669 1485 701 vocatum.

329 747 531 803 Sequitur
550 746 603 790 de
623 751 758 789 morte
778 745 974 788 Matildis
994 746 1116 788 bonae
1135 745 1290 802 reginae
1311 749 1354 788 et
1373 745 1524 787 Mariae
1544 744 1695 787 sororis
1715 744 1817 799 ejus.

1406 810 1663 866 OEapitulum
1681 809 1791 854 xxix.

329 896 532 952 Sequitur
550 895 605 938 ad
624 894 710 938 huc
730 894 783 938 de
802 893 1171 938 commendacione
1191 893 1399 937 Matildis.

1405 959 1659 1015 &mimium
1678 972 1769 1003 xxx.

329 1045 530 1101 Sequitur
559 1044 612 1087 de
632 1043 898 1087 successione
926 1042 1141 1086 benedicti
1160 1042 1269 1099 regis
1299 1042 1455 1094 David,
1476 1046 1520 1085 et
1540 1043 1592 1085 de
1622 1056 1835 1085 commen-

444 1110 619 1154 dacione
631 1111 809 1152 fratrum
822 1110 925 1165 ejus,
938 1124 1036 1152 cum
1048 1109 1346 1152 incidentibus.
1407 1108 1661 1163 OEap‘itnlmtt
1679 1108 1789 1152 xxxi.

331 1194 533 1250 Sequitur
561 1194 614 1237 de
633 1207 783 1249 guerra
811 1198 927 1236 mota
955 1206 1031 1248 per
1059 1206 1199 1248 regem
1227 1192 1370 1235 David
1397 1195 1543 1235 contra
1569 1191 1835 1247 Stephanum

444 1273 586 1316 regem
604 1259 783 1315 Angliae.
1409 1257 1663 1313 mavimam
1682 1256 1811 1300 xxxii.

332 1343 534 1402 Sequitur
564 1342 617 1385 de
646 1342 841 1398 conjugio
872 1342 1050 1384 Henrici
1079 1341 1158 1383 filii
1178 1342 1288 1397 regis
1319 1341 1466 1384 David
1495 1355 1592 1383 cum
1623 1340 1718 1383 Ada
1746 1340 1835 1382 fflia

445 1408 655 1452 Willelmi
675 1408 842 1451 comitis
862 1408 915 1451 de
935 1408 1172 1450 Warancia.
1404 1406 1659 1461 etapitnlnm
1677 1404 1825 1449 xxxiii.

332 1491 534 1548 Sequitur
553 1491 737 1547 qualiter
755 1491 900 1533 David
920 1504 994 1533 rex
1018 1490 1156 1532 filium
1176 1490 1255 1532 filii
1275 1490 1343 1532 sui
1364 1503 1395 1532 s.
1416 1489 1608 1531 defuncti
1636 1492 1835 1544 nepotem

447 1571 573 1600 suum
603 1557 882 1599 Malcolmum
911 1556 1172 1600 circumduci
1201 1556 1303 1599 fecit
1326 1570 1401 1611 per
1429 1569 1617 1611 regnum,
1636 1558 1687 1596 ut
1715 1554 1835 1596 heres

446 1623 566 1680 regni
586 1623 766 1665 futurus.
1406 1620 1658 1675 mamalum
1668 1619 1833 1663 xxxiiii.

333 1706 536 1762 Sequitur
575 1705 628 1748 de
666 1705 918 1760 praefacionc
966 1704 1305 1747 Lamentacionis
1345 1703 1544 1746 Baldredi
1588 1717 1664 1759 pro
1703 1707 1836 1745 morte

448 1771 640 1827 ejusdem
659 1771 781 1826 regis.
1405 1768 1660 1823 mamalum
1679 1773 1794 1812 xxxh.

334 1855 536 1911 Sequitur
554 1855 607 1897 de
626 1853 874 1910 incepcione
894 1852 1246 1913 Lamentoeionis,
1267 1858 1310 1896 et
1328 1852 1628 1896 incidentibus.

1410 1917 1664 1973 Quantulum
1683 1916 1818 1961 xxxhi.

519 2003 591 2037 Pm
606 2002 729 2037 mitem
750 2002 910 2045 (Fordun,
930 2013 962 2046 p.
981 2003 1062 2043 237,
1081 2002 1105 2037 1.
1126 2002 1158 2043 7)
1177 2001 1326 2035 militem
1342 2003 1524 2035 strenuum
1541 2003 1668 2044 lequur.

334 2075 537 2131 Sequitur
556 2074 612 2117 ad
631 2074 715 2116 huc
735 2074 788 2117 de
808 2073 968 2125 eodem,
984 2077 1027 2116 et
1047 2072 1231 2129 qualiter
1250 2072 1432 2115 dilectus
1452 2077 1552 2115 erat.

449 2140 456 2145 '
1408 2137 1665 2193 eapitulwm
1679 2137 1837 2181 xxxhii.

520 2224 603 2258 Post
628 2234 788 2257 exercere
815 2224 867 2265 (ib.
894 2234 926 2267 p.
954 2224 1032 2264 238,
1061 2223 1082 2256 1.
1102 2224 1138 2264 8)
1168 2222 1309 2256 invidus
1333 2222 1456 2256 mundi
1478 2221 1619 2256 laudem
1643 2221 1840 2266 appetendo

566 2279 691 2312 addita
705 2283 793 2312 aunt.

334 2351 540 2407 Sequitur
559 2351 614 2394 ad
633 2351 718 2394 huc
739 2351 792 2393 de
813 2351 973 2402 eodem,
993 2354 1037 2394 et
1056 2350 1384 2393 fundacionibus
1404 2349 1604 2405 ejusdem.

1395 2414 1649 2470 ‘Kapitnhmt
1660 2413 1836 2458 xxxxviii.

521 2492 605 2526 Post
620 2491 793 2526 invenerit
811 2492 865 2537 (ib.
883 2493 906 2526 1.
925 2491 983 2536 28)
998 2492 1287 2525 monasteriem
1304 2492 1465 2525 insertum
1480 2495 1535 2524 est.

334 2563 540 2620 Sequitur
559 2563 614 2606 ad
632 2563 717 2606 huc
737 2563 790 2605 de
809 2563 969 2614 eodem,
989 2567 1033 2606 et
1052 2563 1144 2619 ejus
1163 2561 1594 2605 recommendacione.

1427 2625 1681 2682 &amiculum
1700 2626 1837 2671 xxxix.

339 2712 545 2769 Sequitur
564 2712 750 2768 qualiter
778 2726 851 2755 rex
881 2711 1025 2755 David
1043 2711 1128 2754 fuit
1147 2710 1356 2754 sollicitus
1386 2709 1675 2752 discordantes
1692 2710 1840 2765 pacifi-

449 2792 554 2821 care.
1410 2774 1668 2831 OEapitulnm
1686 2775 1746 2819 xl.

335 2863 539 2918 Sequitur
558 2861 742 2917 qualiter
760 2875 890 2917 regno
910 2860 1257 2904 abrenunciasset
1276 2863 1320 2903 et
1339 2859 1580 2903 Jerusalem
1607 2859 1842 2914 petivisset,

452 2929 489 2971 si
509 2942 596 2971 non
616 2928 912 2971 reconsiliatus
932 2928 1094 2970 fuisset.
1416 2923 1667 2980 etapitulum
1687 2924 1762 2970 xli.
