2014 3354
665 319 883 351 APPENDIX
903 319 955 351 To
977 319 1178 352 PREFACE.
1567 310 1673 351 xxix

166 423 367 478 Sequitur
387 423 439 466 de
458 425 596 480 primo
616 439 711 481 rege
733 426 954 468 Scotorum
973 425 1247 482 regnancium
1267 424 1313 466 in
1333 425 1529 467 Albania.

1226 490 1483 546 Glapitnlum
1502 490 1671 536 xxxiiii.

165 581 369 636 Sequitur
403 583 517 638 quod
551 598 576 626 a
609 585 810 640 gentibus
845 585 1068 627 Scotorum
1089 589 1132 627 et
1151 584 1370 627 Pictorum
1393 583 1574 626 boriales
1594 583 1673 626 Al-

279 648 418 692 bionis
437 654 578 706 partes
597 652 715 707 prius
735 652 921 708 processi
941 652 1121 695 fuerant.
1233 649 1491 706 Qlapiiulum
1509 655 1627 694 xxxh.

651 1007 827 1049 LIBER
857 1007 1182 1050 SECUNDUS.

161 1141 228 1183 De
249 1141 346 1192 situ,
366 1141 644 1197 longitudine,
665 1142 906 1192 latitudine,
926 1142 1253 1198 mutacioneque
1274 1142 1460 1185 nominis
1476 1142 1672 1186 Albionis

276 1207 428 1250 insulae
448 1208 494 1249 in
515 1208 751 1250 Britaniam
772 1212 815 1250 et
836 1207 1056 1251 Scociam.¹
1238 1206 1492 1262 Glapitnlum
1512 1208 1541 1253 i.

348 1292 432 1326 Post
454 1292 591 1325 infinito
618 1293 671 1334 (ib.
690 1304 721 1336 p.
743 1293 798 1333 35,
816 1293 838 1326 l.
861 1294 916 1334 15)
935 1292 1004 1326 hoec
1032 1292 1156 1326 addita
1184 1295 1367 1326 eunt.·—et
1391 1292 1442 1326 sic
1466 1294 1521 1326 est
1541 1291 1672 1325 ibidem

395 1348 473 1381 finis
490 1351 592 1381 terrae
608 1348 652 1381 ab
669 1348 730 1381 illa
746 1350 855 1391 parte.

348 1404 432 1438 Post
448 1404 601 1447 undique
620 1404 673 1445 (ib.
691 1404 713 1437 1.
734 1405 792 1444 20)
810 1405 857 1437 sic
881 1402 1313 1445 leynam—circumdabat
1330 1414 1422 1437 nunc
1445 1403 1540 1446 jacet
1564 1402 1671 1436 inter-

394 1459 487 1493 vallo
502 1460 628 1492 minori
647 1470 726 1492 cum
743 1459 988 1503 circumceptam

161 1558 364 1614 Sequitur
385 1558 436 1600 de
457 1557 626 1613 scriptis
657 1556 840 1599 Galfridi
873 1556 1052 1599 diversis
1087 1556 1396 1599 affirmantibus
1433 1557 1670 1599 Britaniam

276 1638 366 1667 esse
387 1624 569 1666 divisam
589 1637 612 1665 a
635 1624 791 1666 Scocia.
1236 1621 1493 1676 &windam
1513 1622 1561 1667 ii.

347 1718 420 1752 Pro
437 1717 595 1751 Sulwath
615 1717 668 1762 (ib.
686 1727 719 1759 p.
740 1717 793 1757 36,
813 1716 838 1748 1.
858 1717 916 1757 40)
935 1715 1048 1749 South
1066 1715 1175 1749 Wath
1193 1715 1325 1758 leyicur.

162 1820 364 1876 Sequitur
393 1820 445 1862 de
475 1819 643 1875 scriptis
670 1818 1073 1869 Malmesveriensis‚
1105 1817 1231 1860 Bedae
1252 1816 1530 1866 Venerabilis,
1560 1814 1670 1857 affir-

275 1887 501 1929 mantibus.
1233 1882 1490 1938 OEnpitulum
1511 1881 1578 1925 iii.

161 1998 363 2054 Sequitur
383 1997 434 2039 de
455 1995 623 2051 scriptis
644 1996 779 2038 eciam
800 1995 853 2037 de
873 1994 1103 2037 eorundem
1125 2007 1148 2036 e
1168 1992 1385 2036 conversio
1411 1991 1669 2034 contrarium

274 2063 583 2106 affirmantibus
624 2065 667 2104 et
701 2062 815 2117 quod
849 2076 874 2104 a
910 2061 1060 2104 scribis
1093 2059 1259 2102 aemulis
1292 2058 1483 2100 historice
1513 2057 1668 2113 saepius

272 2144 427 2172 eversae
448 2129 738 2171 falsificautur.
1238 2124 1495 2178 OEapitulum
1515 2122 1599 2166 iiii.

161 2238 362 2294 Sequitur
396 2238 475 2279 sub
508 2251 592 2292 quo
628 2237 761 2278 Bruto
792 2236 910 2291 prius
943 2235 1138 2277 Britones
1160 2234 1213 2275 ad
1234 2233 1461 2275 Albionem
1481 2230 1667 2274 insulam

275 2308 552 2347 accesserunt.
1233 2298 1490 2354 etapitnlum
1511 2304 1547 2341 h.

160 2414 361 2470 Sequitur
394 2413 447 2456 de
479 2412 690 2455 divisione
724 2411 857 2454 trium
891 2424 1117 2467 regnorum
1150 2409 1377 2451 Britonum
1411 2408 1524 2450 inter
1558 2405 1668 2448 filios

274 2480 408 2523 Bruti.
907 2482 911 2486 ’
1236 2472 1492 2529 OEapitulnm
1512 2471 1566 2516 bi.

159 2581 360 2637 Sequitur
380 2580 432 2623 de
453 2580 599 2623 Scocia
619 2578 757 2635 qualis
779 2581 822 2621 et
841 2582 1002 2633 quanta
1022 2576 1079 2619 sit
1098 2575 1168 2619 vel
1188 2575 1352 2617 dudum
1372 2574 1519 2616 suerat.

1233 2639 1487 2695 Glapitnlnm
1507 2638 1582 2683 hii.

344 2730 426 2764 Post
449 2728 576 2772 quibus
594 2729 647 2770 (ib.
666 2740 698 2772 p.
713 2730 770 2769 41,
790 2728 813 2761 1.
829 2728 863 2769 7)
881 2729 926 2761 sic
951 2727 1286 2769 &mitum—regnum
1311 2724 1437 2758 Scociae
1462 2722 1606 2756 mirifice
1631 2724 1668 2754 et

389 2783 624 2828 multiphariis
634 2786 707 2818 tam
717 2783 865 2828 piscium
875 2794 981 2827 quam
995 2781 1285 2815 mercenariorum
1290 2779 1518 2824 proventibus
1530 2778 1667 2812 ditatur

390 2840 566 2874 habunde.

415 2962 426 2983 ¹
445 2962 529 2996 This
546 2962 626 2995 title
644 2962 674 2995 is
690 2961 850 3005 supplied
868 2961 959 2994 from
976 2961 1038 2994 the
1055 2961 1162 2994 Table
1180 2960 1216 2994 of
1233 2960 1414 2994 Contents.
