2014 3354
331 299 468 341 xxviii
814 309 1031 341 APPENDIX
1050 302 1102 341 r‚r'o
1123 308 1323 341 pannon.

333 414 533 470 Sequitur
552 414 604 456 de
624 413 796 456 Micelio
814 428 910 469 rege
929 414 1150 457 Scotorum
1170 413 1460 468 Hispanorum
1480 415 1523 455 et
1543 412 1630 455 suis
1649 412 1748 455 filiis
1773 411 1826 453 ad

449 479 702 522 Hiberniam
720 480 1091 535 proficiscentibus.
1399 476 1652 533 &uitulum
1670 476 1772 521 xxii.

334 578 536 634 Sequitur
553 578 638 621 hiis
658 592 754 634 quae
774 579 991 622 Galfridus
1011 577 1353 621 Monumecensis
1382 577 1550 633 scripsit
1570 577 1622 620 de
1647 576 1826 620 Bertho-

446 643 584 687 lomeo
603 644 691 686 filio
712 644 885 687 Micelio
904 644 1023 700 regis.
1400 642 1656 698 OEapitnlnm
1674 642 1794 687 xxiii.

334 742 539 798 Sequitur
558 743 610 785 de
630 743 909 785 dissonanciis
928 742 1210 785 historiarum.
1404 741 1661 797 etapitnlum
1680 740 1820 785 xxiiii.

254 858 255 861 ¹
335 842 536 897 Sequitur
573 842 794 897 quomodo,
834 842 944 885 circa
981 846 1150 898 tempus
1188 841 1336 897 primae
1375 841 1639 897 captivitatis
1674 841 1831 889 Romae,

450 907 563 949 Picti
581 911 774 950 tenentes
796 902 1047 950 Hiberniam
1066 921 1142 963 pro
1157 907 1327 950 sedibus
1347 921 1372 949 a
1392 907 1529 950 Scotis
1550 907 1602 949 de
1623 905 1830 948 Hibernia

448 973 569 1015 missi
588 976 690 1015 sunt
709 972 763 1015 ad
781 972 1019 1015 Albionem.
1398 971 1651 1027 OEapitulum
1670 977 1760 1015 xxb.

334 1071 536 1128 Sequitur
555 1072 737 1128 qualiter
756 1075 931 1115 excusat
953 1072 1131 1115 Cronica
1149 1072 1436 1115 dissonancias
1455 1073 1751 1115 Historiarum.

1401 1137 1654 1193 mamalum
1673 1136 1780 1181 xxni.

335 1227 537 1283 Sequitur
575 1228 627 1271 de
661 1228 924 1284 profeccione
957 1229 1088 1271 tercia
1123 1229 1344 1272 Scotorum
1381 1229 1437 1272 ad
1471 1229 1724 1272 Hiberniam
1757 1242 1832 1284 per

449 1294 611 1349 Symon
629 1294 743 1337 Brek
762 1294 884 1346 facta,
904 1297 947 1337 et
967 1294 1019 1337 de
1039 1295 1131 1350 eJ‘us
1150 1295 1400 1351 genealogia.

1401 1359 1653 1415 Qtapitnlnm
1672 1359 1798 1403 xxhii.

335 1450 536 1506 Sequitur
554 1450 608 1493 de
628 1450 774 1494 eodem
794 1451 955 1506 Symon
974 1451 1100 1503 Brek,
1120 1453 1163 1494 et
1197 1450 1397 1494 cathedra
1430 1451 1560 1507 regali
1589 1450 1767 1506 lapidea,
1787 1453 1831 1492 et

448 1516 639 1572 ejusdem
657 1517 871 1560 vaticinio.
1408 1515 1659 1572 Qtapitulum
1678 1515 1824 1560 xxhiii.

334 1616 536 1672 Sequitur
566 1616 618 1660 de
651 1616 788 1673 primo
821 1630 916 1673 rege
951 1617 1172 1660 Scotorum
1205 1616 1543 1660 inhabitancium
1571 1615 1732 1658 insulas
1751 1615 1827 1657 Al-

448 1682 599 1725 bionis.
1402 1680 1654 1736 capitulum
1672 1680 1782 1725 xxix.

519 1781 602 1815 Post
613 1781 843 1825 procellarum
857 1780 958 1825 (ibjp,
973 1782 1029 1822 25,
1045 1781 1067 1815 1.
1086 1783 1141 1824 16)
1155 1783 1201 1816 sic
1213 1782 1332 1824 leqitur
1342 1782 1461 1826 .·—qui
1472 1783 1591 1815 tamen
1605 1781 1696 1815 utin
1705 1781 1825 1815 eadem

565 1836 681 1870 insula
696 1848 776 1870 cum
792 1837 841 1870 eis
858 1839 894 1871 et
910 1837 1004 1871 inter
1020 1847 1079 1870 eos
1094 1848 1232 1871 manere
1250 1837 1424 1878 volebant,
1441 1841 1497 1871 etc.

335 1923 536 1979 Sequitur
556 1924 608 1967 de
627 1924 761 1967 Pictis
782 1924 1105 1967 advenientibus
1125 1924 1377 1967 Hiberniam
1396 1938 1471 1979 pro
1487 1923 1655 1966 sedibus
1670 1923 1828 1965 ibidem

447 1989 666 2041 habendis,
693 2004 799 2045 quos
834 1991 1003 2033 abactos
1037 1990 1153 2033 Scoti
1187 1991 1473 2033 Hibernenses
1507 1989 1830 2032 transmiserunt

448 2055 503 2097 ad
522 2055 762 2098 Albionem.
1402 2054 1653 2110 Glapitnlum
1672 2067 1763 2099 xxx.

521 2155 596 2189 Pro
611 2155 779 2189 insedisse
798 2156 851 2198 (ib.
868 2166 901 2199 p.
921 2157 977 2196 26,
993 2155 1016 2189 1.
1037 2157 1072 2197 3)
1089 2155 1252 2188 incidisse
1269 2155 1396 2197 leqitur.

336 2243 538 2299 Sequitur
558 2243 611 2286 de
630 2243 715 2286 hiis
734 2257 830 2299 quae
850 2243 967 2286 Beda
986 2243 1038 2286 de
1059 2243 1275 2286 Pictorum
1295 2243 1483 2286 adventu
1503 2243 1682 2298 scripsit.

1400 2308 1653 2364 etapitnlum
1671 2308 1781 2354 xxxi.

523 2401 607 2435 Post
622 2401 731 2435 Pictis
749 2401 802 2443 (ib.
820 2412 853 2445 p.
871 2403 928 2443 26,
944 2402 968 2436 1.
987 2402 1046 2444 39)
1064 2402 1133 2436 hoec
1150 2403 1273 2436 inserta
1288 2401 1493 2445 sunm—qui
1509 2401 1581 2435 sine
1597 2401 1671 2446 lege
1694 2403 1731 2435 et
1745 2401 1833 2435 duce

570 2455 747 2500 regebant.
1104 2458 1110 2463 '

340 2534 541 2590 Sequitur
560 2535 612 2578 de
633 2535 769 2591 prima
788 2549 915 2578 causa
935 2536 1156 2579 Scotorum
1172 2536 1312 2579 aditus
1328 2536 1382 2578 ad
1395 2535 1580 2578 insulam
1595 2535 1834 2579 Albionem.

1402 2599 1653 2655 OEapitnlttm
1671 2601 1800 2646 xxxii.

339 2691 540 2748 Sequitur
556 2691 607 2734 de
622 2692 719 2734 Diis
734 2692 941 2748 gencium,
958 2706 1101 2749 ymmo
1116 2692 1258 2736 verius
1274 2692 1560 2744 daemonibus3
1589 2691 1642 2734 de
1663 2691 1834 2743 eisdem,

453 2761 497 2800 et
514 2758 562 2800 in
580 2758 738 2801 talibus
758 2772 902 2801 earum
922 2758 1141 2809 stulticia.1
1401 2756 1656 2812 OEapitulnm
1674 2756 1825 2802 xxxiii.

386 2891 400 2914 ¹
416 2892 501 2926 This
517 2891 596 2926 title
612 2892 642 2925 is
657 2892 758 2925 made
773 2903 822 2935 up
838 2892 875 2925 of
890 2891 1059 2925 Fordun’s
1074 2891 1172 2925 titles
1187 2893 1226 2925 to
1242 2902 1332 2935 caps.
1352 2900 1471 2925 xxxn.
1490 2890 1559 2924 and
1575 2899 1710 2925 xxxrn.
1759 2890 1834 2924 The

336 2943 410 2974 rest
426 2940 463 2973 of
478 2939 540 2973 the
555 2939 654 2973 titles
669 2939 706 2972 of
719 2938 793 2973 this
808 2939 902 2972 book
917 2938 1126 2982 cor-respond
1142 2938 1230 2972 with
1246 2938 1425 2971 Fordun’s.
