2008 3360
395 273 478 312 408
986 284 1203 317 APPENDIX
1223 285 1266 318 11.
1418 282 1423 288 ’
1775 228 1869 405 ΛΤ,

1116 565 1175 607 ΙΙ.

444 696 743 741 SCRIPTUM
775 696 1135 740 ANONYMUM
1163 697 1245 740 DE
1275 697 1431 752 REGE
1461 698 1726 743 ROBERTO
1758 699 1842 742 111.

392 823 631 890 HNNO
671 838 850 881 Domini
892 842 1017 890 1390,
1057 838 1162 881 dum
1201 842 1427 882 coronatur
1464 841 1656 884 Joannes
1695 841 1893 884 Stuartus

394 897 571 940 Roberti
590 896 768 939 secundi
787 896 971 939 filiorum
999 900 1106 939 natu
1135 898 1359 949 maximus,
1380 898 1455 953 qui
1474 912 1528 941 ex
1546 899 1678 940 trium
1697 899 1893 941 ordinum

393 969 602 998 consensu
630 954 863 997 Robertum
892 967 937 997 se
966 954 1165 1010 deinceps
1195 955 1406 998 nominari
1428 956 1566 998 voluit
1587 956 1718 1011 (quod
1737 970 1893 998 nomen

392 1015 423 1056 J
425 1014 574 1056 oannis
607 1015 780 1068 propter
813 1012 1031 1054 adversam
1064 1013 1279 1055 fortunam
1313 1014 1344 1056 J
1345 1013 1494 1056 oannis
1527 1014 1637 1070 regis
1672 1014 1893 1056 Gallorum

391 1071 718 1126 existimaretur⁴
725 1069 995 1127 ominosum),
1013 1074 1159 1112 tantus
1178 1070 1369 1125 undique
1388 1071 1641 1126 populorum
1669 1071 1807 1114 factus
1828 1075 1893 1114 est

392 1129 447 1172 ad
482 1129 664 1171 Sconam
697 1141 924 1171 concursus
957 1131 1008 1170 ut
1041 1128 1251 1171 universae
1287 1142 1408 1183 paene
1446 1129 1693 1171 monasterii
1731 1132 1892 1185 segetes

392 1186 646 1243 proculcatae
675 1185 959 1241 perderentur.
1022 1186 1148 1228 Unde
1179 1186 1406 1229 canonicus
1438 1186 1508 1228 cui
1537 1186 1764 1242 colligendi
1794 1200 1892 1228 con-

394 1244 674 1299 servandique
700 1243 904 1285 frumenti
933 1256 1033 1285 cura
1062 1243 1314 1285 incubuerat
1332 1257 1473 1299 regem
1493 1244 1545 1286 de
1565 1244 1720 1286 damno
1745 1249 1892 1299 postu-

392 1303 556 1345 laturus
576 1301 693 1344 adiit.
753 1300 847 1351 Sed,
868 1301 968 1355 quia
986 1304 1091 1343 tunc
1111 1301 1313 1356 temporis
1333 1302 1387 1343 ob
1408 1301 1696 1344 celebritatem
1722 1301 1892 1344 admitti

392 1374 479 1402 non
498 1360 650 1415 potuit,
678 1361 846 1413 postero
876 1358 945 1400 die
973 1371 1109 1410 mane,
1130 1358 1309 1400 collecta
1338 1359 1560 1413 utriusque
1590 1372 1717 1401 sexus
1746 1373 1890 1414 opera-

392 1419 551 1460 riorum
569 1416 707 1466 turba,
728 1415 851 1471 quasi
879 1415 931 1457 de
960 1418 1100 1471 segete
1129 1415 1331 1466 demessa,
1350 1416 1418 1457 uti
1436 1429 1551 1458 nunc
1571 1429 1742 1471 quoque
1761 1417 1890 1459 moris

393 1479 469 1526 est,
486 1473 778 1531 gaudentium,
798 1476 841 1515 et
859 1472 1002 1527 puella
1020 1473 1192 1515 nomine
1221 1473 1432 1528 Roxgirne
1461 1473 1508 1514 in
1535 1473 1703 1515 hastam
1723 1474 1890 1516 sublata

391 1536 491 1576 ante
523 1531 709 1575 cubiculi
741 1530 846 1586 regii
874 1530 1115 1581 fenestram,
1134 1543 1188 1572 ex
1220 1534 1360 1581 cantu,
1390 1530 1582 1581 clamore,
1610 1531 1774 1572 tinnitu
1803 1531 1890 1586 pel-

391 1591 511 1634 vium
539 1589 870 1643 baculorumque
901 1587 956 1630 ad
984 1588 1165 1643 parietes
1194 1587 1386 1630 allisione
1413 1587 1630 1643 ingentem
1664 1589 1889 1644 strepitum

392 1649 577 1692 excitare
596 1646 740 1702 coepit.
799 1645 927 1688 Unde
955 1659 1031 1688 rex
1059 1645 1292 1688 admiratus
1322 1646 1572 1689 canonicum
1600 1649 1718 1701 rogat
1738 1646 1891 1701 ecquid

390 1707 473 1749 sibi
505 1704 638 1748 vellet
670 1706 792 1747 tanta
824 1703 961 1759 plebis
999 1703 1285 1759 intemperies.
1345 1708 1367 1726 “
1381 1695 1648 1755 Exultamus‚
1682 1703 1888 1755 domine?

389 1765 451 1807 ait
484 1762 723 1813 canonicus,
751 1765 830 1804 “et
857 1761 940 1803 tibi
967 1760 1123 1816 gratias
1142 1761 1306 1817 agimus
1336 1760 1388 1803 de
1416 1774 1552 1803 messe
1581 1761 1634 1804 ob
1662 1764 1788 1803 tuum
1806 1762 1886 1804 viz.

390 1822 622 1864 adventum
635 1823 726 1863 tam
737 1819 821 1862 cito
833 1818 1039 1874 facileque
1054 1823 1234 1874 peracta,
1248 1819 1318 1861 cui
1330 1818 1575 1874 colligendae
1586 1818 1691 1861 alias
1702 1818 1750 1860 in
1761 1819 1890 1874 quad-

388 1880 554 1935 raginta
581 1878 711 1921 libras
740 1890 936 1933 magnam
965 1877 1156 1932 pecuniae
1174 1890 1384 1919 summam
1412 1876 1648 1931 expendere
1668 1876 1888 1919 solemus.''

391 1937 477 1989 Qui
515 1937 739 1979 astiterant
775 1935 864 1990 regi
901 1933 1145 1990 religiosum
1183 1934 1305 1989 quasi
1342 1933 1462 1989 lapsa
1499 1937 1642 1976 mente
1679 1933 1885 1976 ridebant.

391 1997 566 2039 Cetrum
584 2007 659 2036 rex
678 1993 754 2036 illo
772 1996 922 2036 vocato
941 1991 1146 2034 damnum
1174 2005 1299 2034 omne
1327 1991 1527 2047 praesenti
1555 1991 1736 2046 pecunia
1754 2005 1886 2034 resar-

391 2054 467 2097 ciri
490 2052 622 2095 'ussit

448 2067 541 2154 NJec
574 2109 711 2152 multo
740 2110 849 2164 post,
881 2107 985 2150 dum
1018 2110 1204 2149 castrum
1237 2105 1449 2149 Dumbari
1487 2105 1705 2149 obsidione
1743 2105 1887 2162 cingit,

389 2171 668 2226 pararentque
706 2179 852 2209 omnes
887 2165 1120 2207 discessum
1154 2164 1208 2207 ad
1237 2165 1352 2207 tubae
1383 2163 1583 2215 sonitum,
1621 2163 1885 2219 alterumque

383 2229 476 2283 jam
495 2226 647 2282 pedem
675 2224 730 2267 ad
758 2237 916 2279 equum
947 2222 1261 2265 ascendendum
1288 2222 1335 2263 in
1364 2221 1542 2264 scansile
1561 2235 1635 2263 rex
1658 2221 1886 2272 intulisset,

389 2284 570 2328 accurrit
580 2295 740 2339 pauper
753 2281 924 2331 Lanius,
936 2280 1208 2335 queriturque
1222 2292 1267 2322 se
1280 2279 1524 2322 fraudatum
1542 2278 1678 2334 pretio
1693 2279 1884 2321 carnium

389 2343 443 2385 ab
463 2354 679 2384 oeconomo
694 2353 770 2383 suo
790 2341 1081 2394 acceptarum3
1110 2342 1154 2380 et
1173 2337 1274 2392 quia
1291 2336 1521 2392 requisitus
1537 2350 1778 2379 oeconomus
1797 2350 1884 2378 non

388 2399 637 2455 comparuit,
655 2397 788 2441 Lanio
807 2397 955 2439 statim
974 2395 1186 2438 numerari
1204 2398 1364 2450 quanta
1383 2394 1632 2450 conve[n]ta
1650 2397 1740 2436 erat
1754 2394 1884 2449 jussit

387 2458 624 2513 pecuniam.
681 2455 757 2506 Ac,
785 2468 840 2497 ne
868 2453 1067 2508 deinceps
1096 2453 1295 2508 cuiquam
1324 2466 1350 2495 a
1378 2452 1503 2508 regiis
1532 2451 1740 2494 ministris
1768 2451 1883 2493 fraus

388 2515 518 2565 fieret,
537 2514 674 2557 edixit
703 2517 754 2555 ut
784 2514 883 2555 ante
912 2511 1146 2554 discessum
1165 2523 1291 2553 suum
1318 2509 1460 2565 palam
1490 2509 1538 2551 in
1568 2509 1657 2551 foro
1686 2508 1882 2552 admone-

388 2576 534 2615 rentur
553 2572 629 2627 qui
647 2570 868 2627 quippiam
887 2569 975 2612 suis
995 2581 1082 2611 non
1101 2571 1272 2623 accepto
1291 2567 1426 2624 pretio
1446 2566 1671 2610 crederent.

902 2890 943 2910 m)
955 2891 982 2911 Α.
998 2888 1175 2910 CONSTABLE.
1189 2887 1335 2908 PRmrERs
1345 2887 1381 2906 TO
1393 2886 1456 2906 mm
1468 2885 1610 2911 MAJESTY‚
