2014 3354
685 300 904 331 APPENmX
925 299 977 330 'ro
998 298 1199 329 PREFACE.
1591 287 1697 328 xxxi

303 408 484 462 lapideo,
518 409 633 449 meta
673 406 834 448 scilicet
873 405 1026 447 ultima
1061 405 1263 446 Romanae
1302 403 1579 458 possessionis
1619 403 1698 444 sub

303 475 438 516 circio.
1265 468 1521 523 OEapitulnnt
1540 468 1622 512 xni.

373 585 457 618 Post
472 583 582 627 lapidi
600 583 653 625 (ib.
667 594 699 626 p.
714 583 769 623 49,
785 582 807 615 1.
826 583 880 623 10)
895 583 940 615 sic
955 582 1072 624 leyitur
1089 580 1278 623 :—a.bsque
1295 590 1500 623 quocunque
1517 581 1694 619 caemento,

419 639 457 672 in
480 639 601 672 eadem
616 638 728 671 forma
744 640 982 671 constructam
997 635 1149 679 reliquit,
1171 635 1237 668 sub
1254 646 1295 668 ea
1321 634 1519 668 intencione
1543 637 1594 674 ut,
1612 634 1698 667 dum

422 694 529 727 cicius
568 693 709 733 rediret,
754 693 901 726 eandem
941 694 1101 735 paratam
1140 690 1323 724 inveniret.
1390 689 1538 730 Quidam
1578 692 1697 722 tamen

420 749 543 782 dicunt
567 748 662 792 quod
683 748 720 780 in
744 750 946 790 perpetuam
970 746 1172 779 memoriam
1195 748 1304 778 tantae
1325 744 1492 784 victoriae,
1519 744 1593 777 sive
1617 755 1697 777 con-

421 807 586 848 quaestus,
620 814 741 836 versus
774 803 923 835 boream.
986 802 1115 844 Hujus,
1150 805 1218 841 etc„
1252 800 1428 840 introitus,
1461 811 1567 843 quam
1599 799 1698 832 miles

421 862 576 893 armatus
604 858 784 902 equestris,
819 869 899 891 cum
926 858 1040 890 lancia
1067 858 1103 890 in
1135 868 1242 890 manu
1272 859 1309 890 et
1340 856 1440 900 galea
1466 855 1631 889 timerata
1662 855 1699 888 in

422 915 544 958 capite,
563 914 636 948 sine
652 913 888 947 declinacione
904 913 1041 957 ingredi
1058 913 1184 953 valeat,
1203 916 1260 946 etc.

190 1030 391 1085 Sequitur
411 1029 462 1071 de
496 1029 634 1084 primo
653 1029 683 1070 J
686 1028 764 1069 ulii
786 1027 962 1070 Caesaris
992 1026 1195 1081 imperio;
1225 1026 1407 1081 qualiter
1437 1040 1521 1081 qua
1550 1026 1594 1068 vi
1615 1027 1698 1068 Ro-

302 1110 473 1138 manam
493 1095 576 1138 sibi
597 1095 775 1150 arripuit
794 1096 1060 1149 potestatem.
1267 1091 1520 1146 OEzxpitulum
1536 1091 1636 1135 xnii.

190 1208 390 1263 Sequitur
420 1208 534 1263 quod
566 1221 618 1249 ex
653 1207 903 1249 necessitate
936 1206 1222 1247 Romanorum
1257 1207 1447 1259 tempora
1478 1203 1699 1246 scribenda

304 1277 405 1317 sunt
424 1274 471 1315 in
491 1274 571 1316 hoc
591 1273 699 1315 libro
719 1289 728 1325 ;
758 1276 800 1315 et
821 1272 873 1314 de
894 1277 1076 1327 quatuor
1096 1270 1246 1312 mundi
1267 1269 1532 1311 monarchiis.

1269 1335 1524 1389 OEapitulum
1544 1335 1662 1378 xniii.

191 1450 393 1505 Sequitur
421 1449 474 1491 de
503 1452 638 1491 morte
657 1449 687 1490 J
691 1448 769 1490 ulii
792 1448 980 1497 Caesaris,
1001 1450 1042 1489 et
1074 1445 1258 1487 mirabili
1279 1445 1470 1486 vindicta
1490 1458 1577 1486 suae
1606 1458 1701 1499 pro-

306 1516 497 1566 dicionis,
512 1519 562 1557 ut
582 1520 788 1570 speratus,
809 1514 1016 1556 divinitus
1036 1513 1167 1555 iliata.
1272 1510 1526 1565 OEapitulum
1545 1509 1627 1553 xix.

194 1644 393 1699 Sequitur
413 1642 464 1684 de
484 1646 673 1697 tempore
694 1640 970 1684 successionis
991 1639 1264 1694 Imperatoris
1282 1638 1521 1687 Octoviani‚
1536 1636 1702 1692 nepotis

310 1709 413 1751 dicti
434 1710 463 1751 J
465 1708 544 1750 ulii
565 1709 753 1759 Caesaris,
775 1711 817 1749 et
837 1707 889 1749 de
909 1706 1072 1748 visione
1093 1705 1302 1747 divinitus
1325 1705 1405 1746 sibi
1426 1704 1620 1746 revelata.

1270 1769 1523 1824 capitulum
1543 1783 1606 1813 xx.

195 1893 396 1948 Sequitur
426 1892 477 1934 de
499 1890 800 1933 Incarnacione
830 1894 873 1932 et
903 1888 1180 1943 conccpcione
1201 1886 1381 1928 Domini
1402 1885 1536 1927 nostri
1565 1884 1703 1928 Jhesu

310 1958 480 2001 Christi.
1271 1951 1524 2007 OEapitulum
1544 1951 1626 1995 xxi.

196 2077 396 2133 Sequitur
426 2076 477 2118 de
508 2075 686 2117 diversis
717 2074 1006 2116 accidentibus
1036 2077 1132 2127 post
1161 2072 1509 2114 Incarnacionem
1531 2070 1702 2120 Christi,

310 2143 417 2186 etde
430 2143 692 2185 successione
709 2141 877 2197 Tyberii
894 2139 1176 2195 Imperatoris,
1268 2136 1521 2191 capitulum
1539 2135 1640 2179 xxii.

198 2270 399 2326 Sequitur
434 2269 485 2311 de
519 2268 714 2323 passione
754 2272 797 2309 et
836 2266 1141 2309 resurreccione
1174 2265 1352 2307 Domini
1387 2265 1534 2306 Nostri
1567 2264 1703 2307 Jhesu

313 2335 482 2378 Christi.
1271 2329 1524 2384 OEapitnlum
1543 2329 1664 2373 xxiii.

199 2453 400 2508 Sequitur
430 2452 481 2493 de
512 2450 775 2493 successione
797 2449 965 2492 Claudii
987 2448 1174 2499 Caesaris,
1195 2451 1238 2490 et
1269 2448 1359 2502 ejus
1386 2447 1497 2489 bello
1519 2447 1706 2489 Britoni-

314 2519 394 2561 bus
415 2518 534 2559 fflato
551 2533 561 2569 3
591 2520 634 2559 et
654 2516 916 2558 successione
936 2514 1128 2557 Neronis.
1274 2512 1528 2567 <capitulum
1548 2512 1688 2557 xxiiii.

200 2636 401 2691 Sequitur
449 2634 564 2690 quod
603 2647 714 2676 anno
755 2632 924 2675 Claudii
963 2632 1026 2672 xii
1064 2630 1225 2673 bellum
1264 2630 1401 2686 primo
1441 2630 1708 2672 Britonicum

316 2702 516 2745 adversus
537 2701 684 2743 Scotos
704 2700 883 2742 inicium
904 2698 1097 2753 sumpsit.
1279 2696 1532 2751 OEapitulnm
1552 2702 1642 2740 xxb.

203 2819 404 2875 Sequitur
432 2818 640 2861 bellorum
671 2817 838 2860 saevicia
868 2817 1089 2859 Scotorum
1119 2819 1162 2857 et
1191 2815 1408 2856 Pictorum
1442 2816 1588 2855 contra
1620 2813 1712 2854 Bri-

317 2890 450 2936 tones,
470 2890 513 2927 et
533 2885 586 2927 ab
616 2885 676 2927 eis
696 2884 833 2939 primo
863 2887 1110 2939 conquaestu
1130 2883 1349 2939 regionum
1371 2880 1567 2921 Albaniae
1596 2883 1714 2921 trans

318 2953 473 2994 fretum
496 2952 722 2994 Scoticum.
1279 2946 1534 3001 capitulum
1555 2944 1665 2988 xxni.
