2008 3360
342 308 424 347 208
841 317 967 349 mssa
986 316 1343 350 rLuscARnENSIs.

339 424 407 464 est
425 421 614 465 ecclesiae
629 422 843 471 Romanae,
858 434 945 463 non
959 423 1099 476 potest
1114 420 1206 463 fieri
1225 420 1339 475 quod
1354 420 1411 463 sit
1428 424 1592 465 rectum
1607 421 1843 466 dominium

339 479 449 535 regis
469 479 665 535 Angliae3
697 492 796 521 cum
814 478 930 520 idem
960 478 1199 520 dominium
1217 492 1305 520 non
1331 482 1473 533 potest
1492 479 1621 522 simul
1639 486 1683 524 et
1711 479 1843 524 semel

340 550 433 580 esse
461 538 642 580 duorum
671 536 948 579 dominorum.
1008 536 1104 578 Hoc
1134 540 1278 578 autem
1306 535 1543 579 dominium
1572 538 1686 593 apud
1713 539 1845 581 eccle-

341 594 450 637 siam
480 595 718 637 Romanam
738 607 825 635 non
844 593 929 635 fuit
947 607 1132 636 vacuum
1150 593 1237 636 vell
1256 593 1457 645 ociosum,
1477 608 1576 637 cum
1604 595 1844 651 frequenter

340 666 419 694 usa
437 652 523 693 fuit
551 651 646 706 ipsa
674 650 794 693 sedes
820 651 1055 707 apostolica
1082 651 1131 693 in
1158 665 1286 707 regno
1317 652 1473 694 Scociae
1502 652 1638 707 ipsius
1666 653 1845 695 dominii

341 710 486 752 debita
515 712 727 764 potestate
755 709 869 751 inter
898 709 1120 752 Scotorum
1148 707 1340 752 incolas.²
1410 710 1534 761 Quod
1564 715 1738 766 apparet
1767 724 1844 766 per

341 780 514 809 causam
533 766 761 809 comitatus
791 766 844 809 de
863 767 1089 809 Menteth:
1122 766 1170 809 in
1189 781 1275 822 qua
1294 780 1421 810 causa
1449 767 1643 823 quaedam
1663 768 1843 819 domina,

340 826 388 867 in
408 824 525 867 curia
537 824 646 880 regis
660 824 817 867 Scociae
829 825 1092 867 sentenciam
1107 825 1360 868 contrariam
1374 829 1605 880 reportans,
1616 826 1670 868 ad
1684 825 1844 868 curiam

339 883 576 925 Romanam
596 882 841 938 appellavit,
860 883 935 925 ubi
955 883 1215 925 sentenciam
1234 897 1310 938 pro
1330 896 1375 925 se
1395 883 1593 938 optinuit,
1613 896 1662 926 ac
1681 883 1845 926 heredi-

338 941 447 983 tarie
466 940 631 982 dictum
652 940 902 983 comitatum
922 941 1197 996 recuperavit,
1216 955 1312 997 rege
1331 941 1499 997 Angliae
1519 941 1679 984 sciente
1698 944 1742 984 et
1760 954 1846 983 non

338 998 668 1041 contradicente.
739 999 853 1040 Item
882 998 1139 1041 Coelestinus
1168 998 1343 1054 primus,
1373 999 1589 1041 Honorius
1618 999 1774 1042 tercius
1803 1003 1847 1042 et

340 1056 628 1099 Innocencius
668 1060 844 1111 quartus
875 1056 1026 1099 incolis
1057 1056 1177 1112 regni
1216 1056 1373 1099 Scociae
1402 1057 1674 1112 privilegium
1704 1056 1847 1099 indul-

340 1118 491 1157 serunt
539 1113 665 1170 quod,
704 1114 839 1156 eciam
887 1127 1014 1169 super
1050 1114 1355 1169 temporalibus
1403 1114 1752 1169 possessionibus,
1791 1114 1846 1157 ad

336 1172 554 1228 judicium
582 1171 653 1214 vel
692 1185 872 1214 examen
906 1172 1261 1227 extrapositorum
1294 1171 1554 1227 judiciorum
1592 1185 1667 1227 per
1700 1172 1846 1214 literas

340 1230 596 1286 apostolicas
622 1229 868 1272 nullatenus
896 1229 1191 1281 traherentur,8
1211 1229 1296 1272 nisi
1324 1230 1377 1272 ad
1407 1230 1551 1273 sedem
1578 1230 1718 1285 ipsam
1747 1243 1846 1272 con-

340 1288 487 1344 tigerit
507 1287 731 1342 appellare.
791 1287 970 1330 Constat
988 1291 1130 1330 autem
1150 1287 1264 1343 quod
1283 1301 1410 1343 super
1428 1287 1731 1343 temporalibus
1750 1300 1847 1342 pos-

341 1345 619 1388 sessionibus⁴
638 1345 795 1387 summi
823 1344 1064 1400 pontifices⁵
1083 1349 1128 1387 et
1155 1344 1403 1400 hujusmodi
1430 1345 1664 1401 privilegiis
1694 1358 1739 1387 se
1758 1358 1845 1387 non

342 1403 689 1453 intromitterent,
703 1406 754 1444 ut
773 1402 1019 1457 hujusmodi
1038 1402 1259 1458 privilegia
1278 1402 1547 1458 indulgendo,
1562 1416 1641 1445 nec
1661 1402 1846 1458 appella-

343 1461 487 1503 ciones
506 1460 554 1502 in
581 1460 753 1511 talibus,
772 1463 823 1502 ut
851 1460 966 1515 ipsas
995 1460 1237 1516 delegarent
1265 1460 1376 1502 nulli
1405 1474 1475 1503 eas
1503 1460 1705 1503 ducerent
1733 1474 1846 1502 com-

342 1518 588 1569 mittendas,
602 1518 684 1560 sibi
696 1518 939 1573 specialiter
949 1531 1025 1573 per
1036 1518 1253 1573 quandam
1263 1518 1583 1574 praerogativam
1596 1517 1849 1573 specialiter⁶

342 1577 391 1619 in
419 1575 520 1619 isto⁷
539 1589 667 1631 regno
695 1580 968 1626 reservarent,
987 1575 1072 1618 nisi
1102 1576 1289 1619 ecclesiae
1318 1576 1520 1618 Romanae
1546 1576 1754 1618 directum
1773 1575 1847 1617 do-

343 1634 530 1676 minium
560 1633 769 1676 sentirent
799 1636 843 1675 et
874 1633 1098 1675 scirentur8
1126 1634 1173 1675 in
1202 1633 1506 1689 temporalibus
1536 1636 1771 1688 competere
1800 1633 1848 1675 in

343 1692 491 1735 eodem
510 1704 649 1747 regno.
708 1691 916 1733 Praedicta
935 1691 1070 1733 eciam
1088 1691 1259 1746 publice
1285 1691 1612 1747 comprobantur
1630 1691 1848 1734 evidenter

342 1764 419 1806 per
441 1749 658 1805 publicam
688 1748 1021 1791 concessionem⁹
1048 1750 1182 1805 partis
1211 1749 1407 1792 adversae.
1467 1749 1626 1800 Nam,¹⁰
1644 1748 1846 1791 defuncto

343 1809 467 1850 bonae
496 1806 709 1849 memoriae
739 1806 911 1849 domino
937 1820 1033 1862 rege
1061 1806 1308 1849 Alexandro
1338 1806 1493 1849 Scociae
1521 1806 1662 1857 tercio,
1691 1806 1846 1848 nobilis

343 1865 489 1921 puella
518 1866 768 1920 Margareta,
792 1864 881 1907 filia
908 1864 1019 1920 regis
1050 1864 1320 1921 Norowegiae,
1347 1863 1592 1919 quendam¹¹
1612 1863 1848 1906 Alexandri

343 1921 485 1965 dicti¹²
504 1922 614 1978 regis
635 1922 788 1978 neptis,
807 1922 893 1977 ipsi
917 1922 1007 1978 regi
1025 1922 1270 1964 Alexandro
1294 1922 1391 1977 jure
1410 1921 1662 1964 hereditario
1682 1934 1849 1963 succes—

343 1978 510 2023 sionis¹⁸
524 1980 710 2030 haberet,
721 1993 797 2022 rex
808 1979 978 2035 Angliae
993 1978 1267 2034 praediotus,1⁴
1280 1976 1532 2035 praedictum
1545 1993 1620 2034 pro
1634 1992 1679 2021 se
1692 1978 1848 2021 habere

342 2038 530 2090 andans,
549 2037 688 2079 filium
716 2037 1046 2092 primogenitum
1065 2040 1108 2079 et
1136 2036 1334 2079 heredem
1354 2037 1408 2079 ad
1428 2037 1604 2080 eandem
1632 2036 1849 2079 dominam

341 2095 712 2138 matrimonialiter
740 2095 936 2150 copulare
965 2095 1191 2150 satagebat.
1255 2094 1380 2145 Quod
1407 2094 1726 2137 matrimonium
1756 2093 1847 2136 sine

342 2154 525 2196 licencia
553 2152 730 2208 speciali
759 2152 871 2195 sedis
891 2152 1132 2208 apostolicae
1160 2152 1314 2195 habere
1343 2165 1430 2194 non
1458 2155 1635 2207 poterat,
1654 2165 1704 2194 eo
1735 2150 1849 2207 quod

341 2212 429 2267 ipsi
443 2212 490 2253 in
509 2211 640 2253 tercio
656 2214 700 2253 et
718 2214 867 2266 quarto
886 2210 1086 2266 gradibus
1107 2210 1487 2266 consanguinitatis
1507 2223 1552 2252 se
1572 2209 1846 2265 attingebant.

344 2269 445 2325 Ipse
463 2282 539 2311 rex
559 2268 775 2324 quandam
794 2268 1161 2323 dispensacionem
1180 2267 1291 2310 sedis
1321 2268 1564 2323 apostolicae
1594 2266 1782 2322 optinuit
1799 2265 1847 2307 in

342 2326 423 2369 hac
452 2329 584 2381 parte,
611 2327 782 2381 proviso
812 2326 927 2381 quod
956 2325 1037 2369 hoc
1067 2325 1350 2381 magnatibus,
1379 2325 1579 2381 praelatis,
1607 2323 1847 2374 baronibus,

343 2387 388 2425 et
416 2383 547 2427 aliis¹⁵
566 2382 721 2440 regni¹⁰
742 2381 1003 2440 [proceribus
1022 2383 1219 2439 placeret.
1277 2383 1627 2438 Verumptamen,
1646 2381 1747 2436 quia
1765 2380 1845 2422 hoc

342 2442 612 2496 magnatibus
642 2445 685 2483 et
715 2441 941 2483 baronibus
961 2445 1006 2483 et
1034 2440 1130 2483 aliis
1158 2439 1296 2498 regni]
1317 2440 1469 2483 incolis
1499 2444 1541 2482 et
1571 2436 1846 2494 proceribus¹⁷

343 2512 431 2540 non
450 2499 623 2554 placuit,
643 2499 730 2541 m'si
747 2498 865 2554 prius
893 2498 986 2554 ipse
1006 2512 1082 2541 rex
1101 2512 1178 2554 per
1196 2511 1295 2541 suas
1318 2497 1547 2554 patentes¹⁸
1564 2497 1708 2538 literas
1727 2495 1846 2550 prius

405 2636 419 2659 ¹
436 2636 472 2671 C.
490 2636 531 2670 Ε.
548 2638 594 2669 et.
876 2635 891 2658 ²
906 2636 946 2670 B.
960 2638 1058 2670 omits
1074 2636 1216 2670 incolas.
1402 2635 1418 2658 3
1434 2636 1470 2670 Ο.
1488 2635 1681 2669 trahentur.

405 2682 421 2705 ⁴
437 2684 475 2718 C.
494 2684 536 2716 D.
555 2683 594 2716 E.
614 2684 695 2716 omit
711 2683 995 2726 possessionibus.
1403 2681 1419 2703 ⁵
1435 2682 1471 2715 C.
1490 2682 1529 2715 Ε.
1547 2681 1731 2725 pontificis.

405 2729 421 2752 ⁶
438 2731 474 2764 G.
493 2730 533 2763 Ε.
551 2730 743 2772 specialem.
1400 2727 1417 2751 ⁷
1434 2728 1470 2762 C.
1489 2729 1528 2761 E.
1547 2728 1616 2762 illo.

408 2776 423 2800 ⁸
439 2778 476 2811 C.
495 2777 633 2810 scirent.
683 2776 722 2808 Ε.
742 2776 888 2809 sentiret
904 2779 941 2809 et
957 2775 1095 2810 scirent.
1401 2773 1417 2797 ⁹
1433 2776 1470 2809 C.
1488 2775 1527 2808 E.
1546 2775 1807 2808 confessionem.

391 2823 421 2847 ¹⁰
437 2824 474 2858 C.
493 2824 533 2857 Ε.
551 2823 623 2856 add
638 2834 727 2856 cum.
855 2821 882 2843 ¹¹
900 2823 936 2856 G.
956 2823 994 2855 Ε.
1013 2822 1200 2865 quondam.
1387 2819 1416 2843 ¹²
1432 2821 1469 2854 C.
1489 2822 1528 2855 E.
1546 2822 1714 2864 praedicti.

391 2871 420 2894 ¹3
437 2872 474 2905 O.
493 2871 532 2904 Ε.
552 2869 775 2904 successisset
792 2870 863 2902 and
879 2871 959 2902 omit
976 2869 1129 2902 haberet.
1389 2867 1418 2889 ¹⁴
1436 2868 1473 2902 O.
1493 2869 1533 2903 E.
1552 2871 1632 2902 omit
1648 2868 1845 2912 praedictus.

392 2917 421 2940 ¹⁵
437 2918 480 2951 D.
497 2917 566 2951 alii.
850 2914 878 2936 ¹⁶
893 2916 932 2948 B.
954 2916 1041 2948 adds
1057 2915 1178 2949 incolis
1194 2917 1239 2949 et.

390 2964 419 2989 ¹⁷
435 2966 475 2998 B.
495 2965 532 2999 C.
554 2964 596 2997 D.
616 2963 656 2997 Ε.
673 2964 751 2997 omit
768 2965 805 2996 et
821 2962 1029 3006 proceribus.
1384 2959 1413 2983 ¹⁸
1430 2961 1466 2995 O.
1485 2964 1656 3005 patentas.
