<?xml version="1.0" encoding="UTF-8"?>
<!DOCTYPE html PUBLIC "-//W3C//DTD XHTML 1.0 Transitional//EN"
    "http://www.w3.org/TR/xhtml1/DTD/xhtml1-transitional.dtd">
<html xmlns="http://www.w3.org/1999/xhtml" xml:lang="en" lang="en">
 <head>
  <title>
</title>
<meta http-equiv="Content-Type" content="text/html;charset=utf-8" />
  <meta name='ocr-system' content='tesseract 3.04.00' />
  <meta name='ocr-capabilities' content='ocr_page ocr_carea ocr_par ocr_line ocrx_word'/>
</head>
<body>
  <div class='ocr_page' id='page_1' title='image "./liberpluscardens07plusuoft/liberpluscardens07plusuoft_0342.png"; bbox 0 0 2008 3360; ppageno 0'>
   <div class='ocr_carea' id='block_1_1' title="bbox 158 1470 333 1503">
    <p class='ocr_par' dir='ltr' id='par_1_1' title="bbox 158 1470 333 1503">
     <span class='ocr_line' id='line_1_1' title="bbox 158 1470 333 1503; baseline -0.006 0"><span class='ocrx_word' id='word_1_1' title='bbox 158 1478 227 1503; x_wconf 56' lang='lat' dir='ltr'>mn.</span> <span class='ocrx_word' id='word_1_2' title='bbox 245 1470 333 1502; x_wconf 81' lang='lat'>1342.</span> 
     </span>
    </p>
   </div>
   <div class='ocr_carea' id='block_1_2' title="bbox 359 349 1360 388">
    <p class='ocr_par' dir='ltr' id='par_1_2' title="bbox 359 349 1360 388">
     <span class='ocr_line' id='line_1_2' title="bbox 359 349 1360 388; baseline -0.001 -1"><span class='ocrx_word' id='word_1_3' title='bbox 359 349 441 388; x_wconf 82' lang='lat'>290</span> <span class='ocrx_word' id='word_1_4' title='bbox 857 355 983 386; x_wconf 86' lang='lat' dir='ltr'><strong>LIBER</strong></span> <span class='ocrx_word' id='word_1_5' title='bbox 1003 354 1360 387; x_wconf 84' lang='lat' dir='ltr'>PLUSCARDENSIS.</span> 
     </span>
    </p>
   </div>
   <div class='ocr_carea' id='block_1_3' title="bbox 356 459 1871 1151">
    <p class='ocr_par' dir='ltr' id='par_1_3' title="bbox 356 459 1871 1151">
     <span class='ocr_line' id='line_1_3' title="bbox 356 459 1864 517; baseline -0.001 -13"><span class='ocrx_word' id='word_1_6' title='bbox 356 461 482 517; x_wconf 85' lang='lat' dir='ltr'>longa</span> <span class='ocrx_word' id='word_1_7' title='bbox 502 460 768 517; x_wconf 83' lang='lat' dir='ltr'>subjeccione</span> <span class='ocrx_word' id='word_1_8' title='bbox 783 459 1048 502; x_wconf 89' lang='lat' dir='ltr'>tenebantur.</span> <span class='ocrx_word' id='word_1_9' title='bbox 1109 460 1242 515; x_wconf 86' lang='lat' dir='ltr'>Cujus</span> <span class='ocrx_word' id='word_1_10' title='bbox 1262 459 1390 502; x_wconf 90' lang='lat' dir='ltr'>castri</span> <span class='ocrx_word' id='word_1_11' title='bbox 1404 459 1640 503; x_wconf 77' lang='lat' dir='ltr'>custodiam</span> <span class='ocrx_word' id='word_1_12' title='bbox 1652 461 1864 504; x_wconf 74' lang='lat' dir='ltr'>commisit</span> 
     </span>
     <span class='ocr_line' id='line_1_4' title="bbox 356 516 1865 572; baseline -0.001 -10"><span class='ocrx_word' id='word_1_13' title='bbox 356 519 577 562; x_wconf 89' lang='lat' dir='ltr'>Willelmo</span> <span class='ocrx_word' id='word_1_14' title='bbox 616 518 669 560; x_wconf 91' lang='lat' dir='ltr'>de</span> <span class='ocrx_word' id='word_1_15' title='bbox 708 516 911 572; x_wconf 89' lang='lat' dir='ltr'>Douglas,</span> <span class='ocrx_word' id='word_1_16' title='bbox 950 517 1071 559; x_wconf 88' lang='lat' dir='ltr'>fratri</span> <span class='ocrx_word' id='word_1_17' title='bbox 1111 530 1187 559; x_wconf 91' lang='lat' dir='ltr'>suo</span> <span class='ocrx_word' id='word_1_18' title='bbox 1226 518 1434 569; x_wconf 87' lang='lat' dir='ltr'>bastardo,</span> <span class='ocrx_word' id='word_1_19' title='bbox 1474 522 1518 560; x_wconf 92' lang='lat' dir='ltr'>et</span> <span class='ocrx_word' id='word_1_20' title='bbox 1557 518 1612 560; x_wconf 86' lang='lat' dir='ltr'>ad</span> <span class='ocrx_word' id='word_1_21' title='bbox 1650 519 1734 561; x_wconf 87' lang='lat' dir='ltr'>alia</span> <span class='ocrx_word' id='word_1_22' title='bbox 1770 519 1865 561; x_wconf 88' lang='lat' dir='ltr'>loca</span> 
     </span>
     <span class='ocr_line' id='line_1_5' title="bbox 358 574 1865 620; baseline -0.001 0"><span class='ocrx_word' id='word_1_23' title='bbox 358 576 632 620; x_wconf 90' lang='lat' dir='ltr'>deliberanda</span> <span class='ocrx_word' id='word_1_24' title='bbox 670 574 854 618; x_wconf 86' lang='lat' dir='ltr'>secessit.</span> <span class='ocrx_word' id='word_1_25' title='bbox 915 575 1014 617; x_wconf 88' lang='lat' dir='ltr'>Hiis</span> <span class='ocrx_word' id='word_1_26' title='bbox 1052 588 1152 617; x_wconf 86' lang='lat' dir='ltr'>vero</span> <span class='ocrx_word' id='word_1_27' title='bbox 1191 575 1342 618; x_wconf 92' lang='lat' dir='ltr'>diebus</span> <span class='ocrx_word' id='word_1_28' title='bbox 1376 575 1520 618; x_wconf 88' lang='lat' dir='ltr'>floruit</span> <span class='ocrx_word' id='word_1_29' title='bbox 1552 576 1709 618; x_wconf 92' lang='lat' dir='ltr'>nobilis</span> <span class='ocrx_word' id='word_1_30' title='bbox 1742 577 1865 618; x_wconf 88' lang='lat' dir='ltr'>miles</span> 
     </span>
     <span class='ocr_line' id='line_1_6' title="bbox 358 632 1867 688; baseline -0.001 -11"><span class='ocrx_word' id='word_1_31' title='bbox 358 634 603 677; x_wconf 82' lang='lat' dir='ltr'><strong>Alexander</strong></span> <span class='ocrx_word' id='word_1_32' title='bbox 641 632 694 675; x_wconf 91' lang='lat' dir='ltr'>de</span> <span class='ocrx_word' id='word_1_33' title='bbox 728 633 925 688; x_wconf 77' lang='lat' dir='ltr'>Rameay,</span> <span class='ocrx_word' id='word_1_34' title='bbox 965 633 1051 687; x_wconf 92' lang='lat' dir='ltr'>qui,</span> <span class='ocrx_word' id='word_1_35' title='bbox 1090 646 1189 675; x_wconf 92' lang='lat' dir='ltr'>cum</span> <span class='ocrx_word' id='word_1_36' title='bbox 1228 633 1324 675; x_wconf 86' lang='lat' dir='ltr'>aliis</span> <span class='ocrx_word' id='word_1_37' title='bbox 1358 633 1441 675; x_wconf 88' lang='lat' dir='ltr'>sibi</span> <span class='ocrx_word' id='word_1_38' title='bbox 1469 633 1792 685; x_wconf 72' lang='lat' dir='ltr'>adhaerentibus,</span> <span class='ocrx_word' id='word_1_39' title='bbox 1819 634 1867 675; x_wconf 92' lang='lat' dir='ltr'>in</span> 
     </span>
     <span class='ocr_line' id='line_1_7' title="bbox 359 690 1867 748; baseline -0.001 -14"><span class='ocrx_word' id='word_1_40' title='bbox 359 692 552 748; x_wconf 86' lang='lat' dir='ltr'>partibus</span> <span class='ocrx_word' id='word_1_41' title='bbox 583 691 689 732; x_wconf 90' lang='lat' dir='ltr'>citra</span> <span class='ocrx_word' id='word_1_42' title='bbox 719 690 852 732; x_wconf 88' lang='lat' dir='ltr'>Forth</span> <span class='ocrx_word' id='word_1_43' title='bbox 879 690 1018 733; x_wconf 90' lang='lat' dir='ltr'>multa</span> <span class='ocrx_word' id='word_1_44' title='bbox 1049 695 1145 733; x_wconf 86' lang='lat' dir='ltr'>acta</span> <span class='ocrx_word' id='word_1_45' title='bbox 1174 690 1397 733; x_wconf 87' lang='lat' dir='ltr'>notabilia¹</span> <span class='ocrx_word' id='word_1_46' title='bbox 1427 691 1617 734; x_wconf 84' lang='lat' dir='ltr'>exercuit</span> <span class='ocrx_word' id='word_1_47' title='bbox 1644 705 1720 747; x_wconf 93' lang='lat' dir='ltr'>pro</span> <span class='ocrx_word' id='word_1_48' title='bbox 1748 695 1867 746; x_wconf 87' lang='lat' dir='ltr'>parte</span> 
     </span>
     <span class='ocr_line' id='line_1_8' title="bbox 361 747 1867 805; baseline -0.001 -13"><span class='ocrx_word' id='word_1_49' title='bbox 361 750 469 805; x_wconf 86' lang='lat' dir='ltr'>regis</span> <span class='ocrx_word' id='word_1_50' title='bbox 490 748 645 791; x_wconf 83' lang='lat' dir='ltr'>David.</span> <span class='ocrx_word' id='word_1_51' title='bbox 707 747 868 790; x_wconf 90' lang='lat' dir='ltr'>Eodem</span> <span class='ocrx_word' id='word_1_52' title='bbox 891 761 992 791; x_wconf 86' lang='lat' dir='ltr'>vero</span> <span class='ocrx_word' id='word_1_53' title='bbox 1021 748 1150 790; x_wconf 78' lang='lat' dir='ltr'>anno2</span> <span class='ocrx_word' id='word_1_54' title='bbox 1169 749 1216 790; x_wconf 93' lang='lat' dir='ltr'>in</span> <span class='ocrx_word' id='word_1_55' title='bbox 1245 749 1424 791; x_wconf 85' lang='lat' dir='ltr'>Francia</span> <span class='ocrx_word' id='word_1_56' title='bbox 1453 753 1603 804; x_wconf 91' lang='lat' dir='ltr'>captus</span> <span class='ocrx_word' id='word_1_57' title='bbox 1633 753 1699 791; x_wconf 92' lang='lat' dir='ltr'>est</span> <span class='ocrx_word' id='word_1_58' title='bbox 1728 761 1867 791; x_wconf 90' lang='lat' dir='ltr'>comes</span> 
     </span>
     <span class='ocr_line' id='line_1_9' title="bbox 361 805 1870 862; baseline -0.001 -13"><span class='ocrx_word' id='word_1_59' title='bbox 361 808 414 849; x_wconf 92' lang='lat' dir='ltr'>de</span> <span class='ocrx_word' id='word_1_60' title='bbox 450 806 675 862; x_wconf 78' lang='lat' dir='ltr'>Safisbery,</span> <span class='ocrx_word' id='word_1_61' title='bbox 701 810 745 848; x_wconf 92' lang='lat' dir='ltr'>et</span> <span class='ocrx_word' id='word_1_62' title='bbox 774 819 849 860; x_wconf 92' lang='lat' dir='ltr'>per</span> <span class='ocrx_word' id='word_1_63' title='bbox 874 805 1062 848; x_wconf 85' lang='lat' dir='ltr'>favorem</span> <span class='ocrx_word' id='word_1_64' title='bbox 1090 807 1199 861; x_wconf 86' lang='lat' dir='ltr'>regis</span> <span class='ocrx_word' id='word_1_65' title='bbox 1226 806 1414 848; x_wconf 85' lang='lat' dir='ltr'>Franciae</span> <span class='ocrx_word' id='word_1_66' title='bbox 1440 806 1566 849; x_wconf 87' lang='lat' dir='ltr'>datus</span> <span class='ocrx_word' id='word_1_67' title='bbox 1595 810 1660 849; x_wconf 90' lang='lat' dir='ltr'>est</span> <span class='ocrx_word' id='word_1_68' title='bbox 1688 806 1796 848; x_wconf 89' lang='lat' dir='ltr'>liber</span> <span class='ocrx_word' id='word_1_69' title='bbox 1823 805 1870 847; x_wconf 92' lang='lat' dir='ltr'>in</span> 
     </span>
     <span class='ocr_line' id='line_1_10' title="bbox 362 863 1866 919; baseline -0.001 -13"><span class='ocrx_word' id='word_1_70' title='bbox 362 864 699 907; x_wconf 82' lang='lat' dir='ltr'>commutacione</span> <span class='ocrx_word' id='word_1_71' title='bbox 718 877 794 919; x_wconf 91' lang='lat' dir='ltr'>pro</span> <span class='ocrx_word' id='word_1_72' title='bbox 814 864 969 906; x_wconf 81' lang='lat' dir='ltr'>comite</span> <span class='ocrx_word' id='word_1_73' title='bbox 998 864 1215 915; x_wconf 89' lang='lat' dir='ltr'>Moraviae,</span> <span class='ocrx_word' id='word_1_74' title='bbox 1235 864 1311 919; x_wconf 90' lang='lat' dir='ltr'>qui</span> <span class='ocrx_word' id='word_1_75' title='bbox 1340 868 1490 919; x_wconf 87' lang='lat' dir='ltr'>captus</span> <span class='ocrx_word' id='word_1_76' title='bbox 1516 864 1600 906; x_wconf 90' lang='lat' dir='ltr'>fuit</span> <span class='ocrx_word' id='word_1_77' title='bbox 1630 864 1677 905; x_wconf 91' lang='lat' dir='ltr'>in</span> <span class='ocrx_word' id='word_1_78' title='bbox 1709 863 1866 905; x_wconf 91' lang='lat' dir='ltr'>condu-</span> 
     </span>
     <span class='ocr_line' id='line_1_11' title="bbox 363 920 1870 977; baseline -0.002 -12"><span class='ocrx_word' id='word_1_79' title='bbox 363 923 496 965; x_wconf 91' lang='lat' dir='ltr'>cendo</span> <span class='ocrx_word' id='word_1_80' title='bbox 516 922 572 964; x_wconf 88' lang='lat' dir='ltr'>ad</span> <span class='ocrx_word' id='word_1_81' title='bbox 590 921 794 977; x_wconf 88' lang='lat' dir='ltr'>Angliam</span> <span class='ocrx_word' id='word_1_82' title='bbox 813 922 1013 964; x_wconf 91' lang='lat' dir='ltr'>comitem</span> <span class='ocrx_word' id='word_1_83' title='bbox 1034 920 1250 964; x_wconf 62' lang='lat' dir='ltr'>Gilleriaess</span> <span class='ocrx_word' id='word_1_84' title='bbox 1308 922 1431 972; x_wconf 87' lang='lat' dir='ltr'>Item,</span> <span class='ocrx_word' id='word_1_85' title='bbox 1451 926 1549 977; x_wconf 89' lang='lat' dir='ltr'>post</span> <span class='ocrx_word' id='word_1_86' title='bbox 1569 922 1660 977; x_wconf 86' lang='lat' dir='ltr'>ejus</span> <span class='ocrx_word' id='word_1_87' title='bbox 1679 921 1870 976; x_wconf 89' lang='lat' dir='ltr'>redemp-</span> 
     </span>
     <span class='ocr_line' id='line_1_12' title="bbox 365 979 1870 1035; baseline -0.001 -13"><span class='ocrx_word' id='word_1_88' title='bbox 365 981 543 1031; x_wconf 90' lang='lat' dir='ltr'>cionem‚</span> <span class='ocrx_word' id='word_1_89' title='bbox 562 980 665 1035; x_wconf 89' lang='lat' dir='ltr'>ipse,</span> <span class='ocrx_word' id='word_1_90' title='bbox 685 992 783 1021; x_wconf 91' lang='lat' dir='ltr'>cum</span> <span class='ocrx_word' id='word_1_91' title='bbox 801 979 1021 1022; x_wconf 87' lang='lat' dir='ltr'>Willelmo</span> <span class='ocrx_word' id='word_1_92' title='bbox 1043 979 1232 1035; x_wconf 89' lang='lat' dir='ltr'>Douglas</span> <span class='ocrx_word' id='word_1_93' title='bbox 1256 983 1299 1022; x_wconf 90' lang='lat' dir='ltr'>et</span> <span class='ocrx_word' id='word_1_94' title='bbox 1324 979 1570 1022; x_wconf 86' lang='lat' dir='ltr'>Alexandro</span> <span class='ocrx_word' id='word_1_95' title='bbox 1591 980 1644 1022; x_wconf 92' lang='lat' dir='ltr'>de</span> <span class='ocrx_word' id='word_1_96' title='bbox 1673 980 1870 1033; x_wconf 82' lang='lat' dir='ltr'>Ramsay‚</span> 
     </span>
     <span class='ocr_line' id='line_1_13' title="bbox 366 1036 1871 1092; baseline -0.001 -12"><span class='ocrx_word' id='word_1_97' title='bbox 366 1043 452 1081; x_wconf 87' lang='lat' dir='ltr'>tres</span> <span class='ocrx_word' id='word_1_98' title='bbox 490 1037 650 1080; x_wconf 87' lang='lat' dir='ltr'>limites</span> <span class='ocrx_word' id='word_1_99' title='bbox 689 1036 972 1080; x_wconf 84' lang='lat' dir='ltr'>marchiarum</span> <span class='ocrx_word' id='word_1_100' title='bbox 1006 1036 1244 1088; x_wconf 87' lang='lat' dir='ltr'>honorifice,</span> <span class='ocrx_word' id='word_1_101' title='bbox 1279 1037 1586 1080; x_wconf 90' lang='lat' dir='ltr'>notabilissime</span> <span class='ocrx_word' id='word_1_102' title='bbox 1620 1041 1664 1080; x_wconf 88' lang='lat' dir='ltr'>et</span> <span class='ocrx_word' id='word_1_103' title='bbox 1696 1037 1871 1092; x_wconf 89' lang='lat' dir='ltr'>pacifice</span> 
     </span>
     <span class='ocr_line' id='line_1_14' title="bbox 366 1094 1547 1151; baseline -0.001 -14"><span class='ocrx_word' id='word_1_104' title='bbox 366 1095 577 1151; x_wconf 86' lang='lat' dir='ltr'>regebant,</span> <span class='ocrx_word' id='word_1_105' title='bbox 596 1108 731 1151; x_wconf 90' lang='lat' dir='ltr'>usque</span> <span class='ocrx_word' id='word_1_106' title='bbox 752 1094 985 1138; x_wconf 85' lang='lat' dir='ltr'>adventum</span> <span class='ocrx_word' id='word_1_107' title='bbox 1003 1095 1113 1150; x_wconf 86' lang='lat' dir='ltr'>regis</span> <span class='ocrx_word' id='word_1_108' title='bbox 1134 1094 1277 1137; x_wconf 84' lang='lat' dir='ltr'>David</span> <span class='ocrx_word' id='word_1_109' title='bbox 1296 1095 1348 1138; x_wconf 88' lang='lat' dir='ltr'>de</span> <span class='ocrx_word' id='word_1_110' title='bbox 1365 1095 1547 1138; x_wconf 51' lang='lat' dir='ltr'>Galliis}</span> 
     </span>
    </p>
   </div>
   <div class='ocr_carea' id='block_1_4' title="bbox 369 1275 1873 1400">
    <p class='ocr_par' dir='ltr' id='par_1_4' title="bbox 369 1275 1873 1400">
     <span class='ocr_line' id='line_1_15' title="bbox 369 1275 1873 1333; baseline -0.002 -11"><span class='ocrx_word' id='word_1_111' title='bbox 369 1276 585 1333; x_wconf 64' lang='lat' dir='ltr'>§equitat</span> <span class='ocrx_word' id='word_1_112' title='bbox 604 1277 652 1322; x_wconf 69' lang='lat' dir='ltr'>ht</span> <span class='ocrx_word' id='word_1_113' title='bbox 671 1276 809 1322; x_wconf 75' lang='lat' dir='ltr'>rehitu</span> <span class='ocrx_word' id='word_1_114' title='bbox 828 1276 942 1332; x_wconf 59' lang='lat' dir='ltr'>nagia</span> <span class='ocrx_word' id='word_1_115' title='bbox 962 1275 1102 1331; x_wconf 52' lang='lat' dir='ltr'>§abib</span> <span class='ocrx_word' id='word_1_116' title='bbox 1123 1276 1171 1321; x_wconf 70' lang='lat' dir='ltr'>he</span> <span class='ocrx_word' id='word_1_117' title='bbox 1192 1276 1376 1327; x_wconf 55' lang='lat' dir='ltr'>&amp;ailina</span> <span class='ocrx_word' id='word_1_118' title='bbox 1398 1279 1439 1322; x_wconf 72' lang='lat' dir='ltr'>et</span> <span class='ocrx_word' id='word_1_119' title='bbox 1458 1277 1507 1321; x_wconf 64' lang='lat' dir='ltr'>he</span> <span class='ocrx_word' id='word_1_120' title='bbox 1527 1276 1692 1322; x_wconf 63' lang='lat' dir='ltr'>actibus</span> <span class='ocrx_word' id='word_1_121' title='bbox 1711 1276 1805 1332; x_wconf 60' lang='lat' dir='ltr'>ejus</span> <span class='ocrx_word' id='word_1_122' title='bbox 1824 1275 1873 1319; x_wconf 75' lang='lat' dir='ltr'>in</span> 
     </span>
     <span class='ocr_line' id='line_1_16' title="bbox 513 1343 1727 1400; baseline 0 -13"><span class='ocrx_word' id='word_1_123' title='bbox 513 1343 728 1400; x_wconf 67' lang='lat' dir='ltr'>principio</span> <span class='ocrx_word' id='word_1_124' title='bbox 741 1343 964 1398; x_wconf 62' lang='lat' dir='ltr'>tzgiminiz</span> <span class='ocrx_word' id='word_1_125' title='bbox 983 1343 1069 1394; x_wconf 71' lang='lat' dir='ltr'>zui,</span> <span class='ocrx_word' id='word_1_126' title='bbox 1091 1356 1182 1388; x_wconf 76' lang='lat' dir='ltr'>tum</span> <span class='ocrx_word' id='word_1_127' title='bbox 1196 1343 1567 1389; x_wconf 72' lang='lat' dir='ltr'>iatihmtiiz.—OE.</span> <span class='ocrx_word' id='word_1_128' title='bbox 1590 1343 1727 1388; x_wconf 76' lang='lat' dir='ltr'>xxxix.</span> 
     </span>
    </p>
   </div>
   <div class='ocr_carea' id='block_1_5' title="bbox 370 1435 1878 2660">
    <p class='ocr_par' dir='ltr' id='par_1_5' title="bbox 370 1435 1878 2660">
     <span class='ocr_line' id='line_1_17' title="bbox 370 1435 1873 1507; baseline -0.001 -12"><span class='ocrx_word' id='word_1_129' title='bbox 370 1435 526 1503; x_wconf 49' lang='lat' dir='ltr'>RN</span> <span class='ocrx_word' id='word_1_130' title='bbox 528 1452 609 1495; x_wconf 84' lang='grc' dir='ltr'>ΝΟ</span> <span class='ocrx_word' id='word_1_131' title='bbox 649 1451 826 1494; x_wconf 87' lang='lat' dir='ltr'>Domini</span> <span class='ocrx_word' id='word_1_132' title='bbox 864 1459 1018 1494; x_wconf 84' lang='lat' dir='ltr'>M⁰cce⁰</span> <span class='ocrx_word' id='word_1_133' title='bbox 1030 1451 1120 1502; x_wconf 75' lang='lat' dir='ltr'>xlii,</span> <span class='ocrx_word' id='word_1_134' title='bbox 1158 1465 1286 1507; x_wconf 88' lang='lat' dir='ltr'>regno</span> <span class='ocrx_word' id='word_1_135' title='bbox 1318 1451 1475 1494; x_wconf 82' lang='lat' dir='ltr'>Scociae</span> <span class='ocrx_word' id='word_1_136' title='bbox 1506 1451 1724 1507; x_wconf 87' lang='lat' dir='ltr'>pacificato</span> <span class='ocrx_word' id='word_1_137' title='bbox 1754 1455 1798 1494; x_wconf 91' lang='lat' dir='ltr'>et</span> <span class='ocrx_word' id='word_1_138' title='bbox 1826 1451 1873 1492; x_wconf 91' lang='lat' dir='ltr'>in</span> 
     </span>
     <span class='ocr_line' id='line_1_18' title="bbox 371 1508 1873 1566; baseline -0.001 -14"><span class='ocrx_word' id='word_1_139' title='bbox 371 1509 547 1566; x_wconf 87' lang='lat' dir='ltr'>pacifica</span> <span class='ocrx_word' id='word_1_140' title='bbox 567 1509 844 1565; x_wconf 86' lang='lat' dir='ltr'>prosperitate</span> <span class='ocrx_word' id='word_1_141' title='bbox 865 1508 1051 1559; x_wconf 91' lang='lat' dir='ltr'>reducto,</span> <span class='ocrx_word' id='word_1_142' title='bbox 1070 1509 1232 1565; x_wconf 88' lang='lat' dir='ltr'>placuit</span> <span class='ocrx_word' id='word_1_143' title='bbox 1251 1510 1370 1565; x_wconf 87' lang='lat' dir='ltr'>regni</span> <span class='ocrx_word' id='word_1_144' title='bbox 1399 1509 1645 1552; x_wconf 86' lang='lat' dir='ltr'>custodibus</span> <span class='ocrx_word' id='word_1_145' title='bbox 1674 1523 1749 1564; x_wconf 90' lang='lat' dir='ltr'>pro</span> <span class='ocrx_word' id='word_1_146' title='bbox 1778 1522 1873 1564; x_wconf 88' lang='lat' dir='ltr'>rege</span> 
     </span>
     <span class='ocr_line' id='line_1_19' title="bbox 372 1564 1875 1622; baseline -0.002 -12"><span class='ocrx_word' id='word_1_147' title='bbox 372 1582 448 1611; x_wconf 93' lang='lat' dir='ltr'>suo</span> <span class='ocrx_word' id='word_1_148' title='bbox 468 1568 515 1609; x_wconf 90' lang='lat' dir='ltr'>in</span> <span class='ocrx_word' id='word_1_149' title='bbox 535 1567 757 1609; x_wconf 88' lang='lat' dir='ltr'>Franciam</span> <span class='ocrx_word' id='word_1_150' title='bbox 776 1564 1052 1622; x_wconf 84' lang='lat' dir='ltr'>legacionem⁵</span> <span class='ocrx_word' id='word_1_151' title='bbox 1071 1567 1357 1609; x_wconf 85' lang='lat' dir='ltr'>transmittere</span> <span class='ocrx_word' id='word_1_152' title='bbox 1374 1583 1383 1609; x_wconf 87' lang='lat'><strong>:</strong></span> <span class='ocrx_word' id='word_1_153' title='bbox 1415 1566 1560 1622; x_wconf 79' lang='lat' dir='ltr'>quem⁶</span> <span class='ocrx_word' id='word_1_154' title='bbox 1584 1580 1658 1609; x_wconf 90' lang='lat' dir='ltr'>rex</span> <span class='ocrx_word' id='word_1_155' title='bbox 1687 1567 1875 1608; x_wconf 83' lang='lat' dir='ltr'>Franciae</span> 
     </span>
     <span class='ocr_line' id='line_1_20' title="bbox 373 1623 1876 1680; baseline -0.001 -12"><span class='ocrx_word' id='word_1_156' title='bbox 373 1629 621 1676; x_wconf 81' lang='lat' dir='ltr'>reverenter,</span> <span class='ocrx_word' id='word_1_157' title='bbox 650 1629 702 1667; x_wconf 89' lang='lat' dir='ltr'>ut</span> <span class='ocrx_word' id='word_1_158' title='bbox 731 1624 886 1675; x_wconf 80' lang='lat' dir='ltr'>decuit,</span> <span class='ocrx_word' id='word_1_159' title='bbox 920 1638 1019 1666; x_wconf 92' lang='lat' dir='ltr'>cum</span> <span class='ocrx_word' id='word_1_160' title='bbox 1052 1623 1216 1667; x_wconf 87' lang='lat' dir='ltr'>duabus</span> <span class='ocrx_word' id='word_1_161' title='bbox 1250 1624 1406 1680; x_wconf 88' lang='lat' dir='ltr'>bargiis</span> <span class='ocrx_word' id='word_1_162' title='bbox 1441 1624 1600 1680; x_wconf 90' lang='lat' dir='ltr'>optime</span> <span class='ocrx_word' id='word_1_163' title='bbox 1631 1623 1803 1666; x_wconf 88' lang='lat' dir='ltr'>armatis</span> <span class='ocrx_word' id='word_1_164' title='bbox 1832 1627 1876 1666; x_wconf 88' lang='lat' dir='ltr'>et</span> 
     </span>
     <span class='ocr_line' id='line_1_21' title="bbox 375 1681 1876 1738; baseline -0.001 -13"><span class='ocrx_word' id='word_1_165' title='bbox 375 1682 554 1725; x_wconf 90' lang='lat' dir='ltr'>munitis</span> <span class='ocrx_word' id='word_1_166' title='bbox 588 1682 643 1725; x_wconf 90' lang='lat' dir='ltr'>ad</span> <span class='ocrx_word' id='word_1_167' title='bbox 680 1682 862 1738; x_wconf 87' lang='lat' dir='ltr'>patriam</span> <span class='ocrx_word' id='word_1_168' title='bbox 896 1695 1018 1724; x_wconf 92' lang='lat' dir='ltr'>suam</span> <span class='ocrx_word' id='word_1_169' title='bbox 1053 1681 1299 1725; x_wconf 85' lang='lat' dir='ltr'>transmisit.</span> <span class='ocrx_word' id='word_1_170' title='bbox 1360 1682 1445 1733; x_wconf 83' lang='lat' dir='ltr'>Qui</span> <span class='ocrx_word' id='word_1_171' title='bbox 1483 1696 1558 1725; x_wconf 84' lang='lat' dir='ltr'>rex</span> <span class='ocrx_word' id='word_1_172' title='bbox 1596 1681 1740 1724; x_wconf 88' lang='lat' dir='ltr'>David</span> <span class='ocrx_word' id='word_1_173' title='bbox 1778 1695 1876 1724; x_wconf 93' lang='lat' dir='ltr'>cum</span> 
     </span>
     <span class='ocr_line' id='line_1_22' title="bbox 375 1737 1878 1795; baseline -0.001 -12"><span class='ocrx_word' id='word_1_174' title='bbox 375 1754 506 1783; x_wconf 87' lang='lat' dir='ltr'>uxore</span> <span class='ocrx_word' id='word_1_175' title='bbox 545 1754 622 1783; x_wconf 87' lang='lat' dir='ltr'>sua</span> <span class='ocrx_word' id='word_1_176' title='bbox 661 1739 691 1783; x_wconf 86' lang='lat' dir='ltr'>J</span> <span class='ocrx_word' id='word_1_177' title='bbox 692 1740 871 1790; x_wconf 87' lang='lat' dir='ltr'>ohanna,</span> <span class='ocrx_word' id='word_1_178' title='bbox 909 1739 1019 1795; x_wconf 87' lang='lat' dir='ltr'>regis</span> <span class='ocrx_word' id='word_1_179' title='bbox 1058 1739 1227 1795; x_wconf 86' lang='lat' dir='ltr'>Angliae</span> <span class='ocrx_word' id='word_1_180' title='bbox 1261 1753 1410 1791; x_wconf 91' lang='lat' dir='ltr'>sorore,</span> <span class='ocrx_word' id='word_1_181' title='bbox 1449 1740 1562 1795; x_wconf 87' lang='lat' dir='ltr'>apud</span> <span class='ocrx_word' id='word_1_182' title='bbox 1601 1737 1878 1795; x_wconf 78' lang='lat' dir='ltr'>Inverbervy⁷</span> 
     </span>
     <span class='ocr_line' id='line_1_23' title="bbox 374 1796 1876 1852; baseline -0.002 -11"><span class='ocrx_word' id='word_1_183' title='bbox 374 1798 608 1841; x_wconf 88' lang='lat' dir='ltr'>incolumes</span> <span class='ocrx_word' id='word_1_184' title='bbox 647 1802 692 1840; x_wconf 91' lang='lat' dir='ltr'>et</span> <span class='ocrx_word' id='word_1_185' title='bbox 729 1797 910 1840; x_wconf 86' lang='lat' dir='ltr'>feliciter</span> <span class='ocrx_word' id='word_1_186' title='bbox 947 1796 1156 1852; x_wconf 86' lang='lat' dir='ltr'>applicuit</span> <span class='ocrx_word' id='word_1_187' title='bbox 1195 1797 1259 1839; x_wconf 87' lang='lat' dir='ltr'>iiii</span> <span class='ocrx_word' id='word_1_188' title='bbox 1293 1811 1425 1840; x_wconf 89' lang='lat' dir='ltr'>nonas</span> <span class='ocrx_word' id='word_1_189' title='bbox 1465 1799 1495 1840; x_wconf 84' lang='lat' dir='ltr'><strong>J</strong></span> <span class='ocrx_word' id='word_1_190' title='bbox 1497 1797 1612 1839; x_wconf 87' lang='lat' dir='ltr'>unii:</span> <span class='ocrx_word' id='word_1_191' title='bbox 1661 1797 1714 1839; x_wconf 91' lang='lat' dir='ltr'>de</span> <span class='ocrx_word' id='word_1_192' title='bbox 1754 1797 1876 1851; x_wconf 88' lang='lat' dir='ltr'>cujus</span> 
     </span>
     <span class='ocr_line' id='line_1_24' title="bbox 373 1854 1877 1911; baseline -0.002 -12"><span class='ocrx_word' id='word_1_193' title='bbox 373 1857 562 1899; x_wconf 88' lang='lat' dir='ltr'>adventu</span> <span class='ocrx_word' id='word_1_194' title='bbox 579 1855 715 1898; x_wconf 80' lang='lat' dir='ltr'>laetati</span> <span class='ocrx_word' id='word_1_195' title='bbox 740 1859 843 1898; x_wconf 90' lang='lat' dir='ltr'>sunt</span> <span class='ocrx_word' id='word_1_196' title='bbox 868 1855 1069 1906; x_wconf 90' lang='lat' dir='ltr'>universi,</span> <span class='ocrx_word' id='word_1_197' title='bbox 1098 1855 1339 1898; x_wconf 85' lang='lat' dir='ltr'>exultantes</span> <span class='ocrx_word' id='word_1_198' title='bbox 1370 1854 1525 1911; x_wconf 89' lang='lat' dir='ltr'>gaudio</span> <span class='ocrx_word' id='word_1_199' title='bbox 1554 1868 1706 1910; x_wconf 85' lang='lat' dir='ltr'>magno</span> <span class='ocrx_word' id='word_1_200' title='bbox 1740 1854 1877 1904; x_wconf 89' lang='lat' dir='ltr'>valde,</span> 
     </span>
     <span class='ocr_line' id='line_1_25' title="bbox 371 1911 1874 1969; baseline -0.003 -12"><span class='ocrx_word' id='word_1_201' title='bbox 371 1913 499 1957; x_wconf 84' lang='lat' dir='ltr'>fotos8</span> <span class='ocrx_word' id='word_1_202' title='bbox 532 1912 811 1969; x_wconf 89' lang='lat' dir='ltr'>jocunditatis</span> <span class='ocrx_word' id='word_1_203' title='bbox 850 1913 1067 1963; x_wconf 83' lang='lat' dir='ltr'>facientes,</span> <span class='ocrx_word' id='word_1_204' title='bbox 1106 1912 1321 1955; x_wconf 85' lang='lat' dir='ltr'>convivia⁹</span> <span class='ocrx_word' id='word_1_205' title='bbox 1359 1926 1457 1955; x_wconf 92' lang='lat' dir='ltr'>cum</span> <span class='ocrx_word' id='word_1_206' title='bbox 1498 1912 1652 1968; x_wconf 84' lang='lat' dir='ltr'>gaudio</span> <span class='ocrx_word' id='word_1_207' title='bbox 1691 1911 1738 1953; x_wconf 91' lang='lat' dir='ltr'>in</span> <span class='ocrx_word' id='word_1_208' title='bbox 1782 1912 1874 1966; x_wconf 85' lang='lat' dir='ltr'>ejus</span> 
     </span>
     <span class='ocr_line' id='line_1_26' title="bbox 371 1969 1874 2021; baseline -0.002 -7"><span class='ocrx_word' id='word_1_209' title='bbox 371 1971 620 2015; x_wconf 86' lang='lat' dir='ltr'>memoriam</span> <span class='ocrx_word' id='word_1_210' title='bbox 637 1970 916 2014; x_wconf 86' lang='lat' dir='ltr'>celebrabant.</span> <span class='ocrx_word' id='word_1_211' title='bbox 976 1970 1138 2013; x_wconf 87' lang='lat' dir='ltr'>Eodem</span> <span class='ocrx_word' id='word_1_212' title='bbox 1157 1984 1281 2021; x_wconf 91' lang='lat' dir='ltr'>anno,</span> <span class='ocrx_word' id='word_1_213' title='bbox 1293 1977 1400 2012; x_wconf 86' lang='lat' dir='ltr'><strong>xxx⁰</strong></span> <span class='ocrx_word' id='word_1_214' title='bbox 1413 1970 1482 2013; x_wconf 91' lang='lat' dir='ltr'>die</span> <span class='ocrx_word' id='word_1_215' title='bbox 1497 1969 1661 2020; x_wconf 89' lang='lat' dir='ltr'>Marcii,</span> <span class='ocrx_word' id='word_1_216' title='bbox 1677 1969 1874 2012; x_wconf 88' lang='lat' dir='ltr'>dominus</span> 
     </span>
     <span class='ocr_line' id='line_1_27' title="bbox 371 2027 1876 2083; baseline -0.003 -11"><span class='ocrx_word' id='word_1_217' title='bbox 371 2029 616 2072; x_wconf 85' lang='lat' dir='ltr'>Alexander</span> <span class='ocrx_word' id='word_1_218' title='bbox 634 2028 819 2083; x_wconf 84' lang='lat' dir='ltr'>Ramsay</span> <span class='ocrx_word' id='word_1_219' title='bbox 840 2028 952 2083; x_wconf 87' lang='lat' dir='ltr'>cepit</span> <span class='ocrx_word' id='word_1_220' title='bbox 971 2031 1157 2070; x_wconf 85' lang='lat' dir='ltr'>castrum</span> <span class='ocrx_word' id='word_1_221' title='bbox 1176 2028 1229 2070; x_wconf 92' lang='lat' dir='ltr'>de</span> <span class='ocrx_word' id='word_1_222' title='bbox 1255 2028 1485 2083; x_wconf 86' lang='lat' dir='ltr'>Roxburgh</span> <span class='ocrx_word' id='word_1_223' title='bbox 1514 2027 1639 2070; x_wconf 87' lang='lat' dir='ltr'>scalis</span> <span class='ocrx_word' id='word_1_224' title='bbox 1671 2027 1723 2069; x_wconf 93' lang='lat' dir='ltr'>de</span> <span class='ocrx_word' id='word_1_225' title='bbox 1752 2031 1876 2069; x_wconf 90' lang='lat' dir='ltr'>nocte</span> 
     </span>
     <span class='ocr_line' id='line_1_28' title="bbox 372 2084 1875 2142; baseline -0.003 -12"><span class='ocrx_word' id='word_1_226' title='bbox 372 2086 611 2139; x_wconf 83' lang='lat' dir='ltr'>latenter310</span> <span class='ocrx_word' id='word_1_227' title='bbox 630 2086 751 2142; x_wconf 87' lang='lat' dir='ltr'>cujus</span> <span class='ocrx_word' id='word_1_228' title='bbox 764 2085 1001 2128; x_wconf 87' lang='lat' dir='ltr'>custodiam</span> <span class='ocrx_word' id='word_1_229' title='bbox 1015 2099 1091 2128; x_wconf 86' lang='lat' dir='ltr'>rex</span> <span class='ocrx_word' id='word_1_230' title='bbox 1102 2085 1245 2128; x_wconf 88' lang='lat' dir='ltr'>David</span> <span class='ocrx_word' id='word_1_231' title='bbox 1260 2085 1342 2127; x_wconf 88' lang='lat' dir='ltr'>sibi</span> <span class='ocrx_word' id='word_1_232' title='bbox 1356 2085 1436 2128; x_wconf 90' lang='lat' dir='ltr'>hac</span> <span class='ocrx_word' id='word_1_233' title='bbox 1449 2085 1501 2128; x_wconf 89' lang='lat' dir='ltr'>de</span> <span class='ocrx_word' id='word_1_234' title='bbox 1514 2098 1642 2127; x_wconf 87' lang='lat' dir='ltr'>causa</span> <span class='ocrx_word' id='word_1_235' title='bbox 1653 2084 1875 2135; x_wconf 85' lang='lat' dir='ltr'>commisit,</span> 
     </span>
     <span class='ocr_line' id='line_1_29' title="bbox 373 2142 1877 2199; baseline -0.003 -11"><span class='ocrx_word' id='word_1_236' title='bbox 373 2150 418 2188; x_wconf 90' lang='lat' dir='ltr'>et</span> <span class='ocrx_word' id='word_1_237' title='bbox 444 2149 580 2187; x_wconf 88' lang='lat' dir='ltr'>totam</span> <span class='ocrx_word' id='word_1_238' title='bbox 609 2143 870 2186; x_wconf 87' lang='lat' dir='ltr'>Tevidaliam</span> <span class='ocrx_word' id='word_1_239' title='bbox 898 2142 946 2185; x_wconf 86' lang='lat' dir='ltr'>in</span> <span class='ocrx_word' id='word_1_240' title='bbox 980 2157 1057 2185; x_wconf 88' lang='lat' dir='ltr'>sua</span> <span class='ocrx_word' id='word_1_241' title='bbox 1089 2143 1396 2199; x_wconf 86' lang='lat' dir='ltr'>gubernacione</span> <span class='ocrx_word' id='word_1_242' title='bbox 1431 2143 1665 2199; x_wconf 86' lang='lat' dir='ltr'>deputavit,</span> <span class='ocrx_word' id='word_1_243' title='bbox 1694 2146 1738 2184; x_wconf 90' lang='lat' dir='ltr'>et</span> <span class='ocrx_word' id='word_1_244' title='bbox 1765 2142 1877 2184; x_wconf 86' lang='lat' dir='ltr'>vice-</span> 
     </span>
     <span class='ocr_line' id='line_1_30' title="bbox 373 2199 1876 2256; baseline -0.003 -11"><span class='ocrx_word' id='word_1_245' title='bbox 373 2202 572 2245; x_wconf 87' lang='lat' dir='ltr'>comitem</span> <span class='ocrx_word' id='word_1_246' title='bbox 592 2201 776 2244; x_wconf 85' lang='lat' dir='ltr'>effecit.¹¹</span> <span class='ocrx_word' id='word_1_247' title='bbox 835 2201 1011 2256; x_wconf 80' lang='lat' dir='ltr'>Pmpter</span> <span class='ocrx_word' id='word_1_248' title='bbox 1024 2200 1140 2256; x_wconf 88' lang='lat' dir='ltr'>quod</span> <span class='ocrx_word' id='word_1_249' title='bbox 1159 2201 1345 2243; x_wconf 92' lang='lat' dir='ltr'>officium</span> <span class='ocrx_word' id='word_1_250' title='bbox 1359 2200 1603 2243; x_wconf 89' lang='lat' dir='ltr'>Willelmus</span> <span class='ocrx_word' id='word_1_251' title='bbox 1619 2201 1671 2243; x_wconf 93' lang='lat' dir='ltr'>de</span> <span class='ocrx_word' id='word_1_252' title='bbox 1685 2199 1876 2256; x_wconf 88' lang='lat' dir='ltr'>Douglas</span> 
     </span>
     <span class='ocr_line' id='line_1_31' title="bbox 373 2256 1875 2314; baseline -0.003 -12"><span class='ocrx_word' id='word_1_253' title='bbox 373 2261 556 2303; x_wconf 90' lang='lat' dir='ltr'>eundem</span> <span class='ocrx_word' id='word_1_254' title='bbox 577 2259 869 2302; x_wconf 84' lang='lat' dir='ltr'>Alexandrum</span> <span class='ocrx_word' id='word_1_255' title='bbox 889 2259 942 2301; x_wconf 89' lang='lat' dir='ltr'>de</span> <span class='ocrx_word' id='word_1_256' title='bbox 962 2259 1147 2314; x_wconf 82' lang='lat' dir='ltr'>Ramsay</span> <span class='ocrx_word' id='word_1_257' title='bbox 1164 2272 1299 2314; x_wconf 88' lang='lat' dir='ltr'>usque</span> <span class='ocrx_word' id='word_1_258' title='bbox 1320 2259 1374 2301; x_wconf 90' lang='lat' dir='ltr'>ad</span> <span class='ocrx_word' id='word_1_259' title='bbox 1392 2263 1572 2301; x_wconf 89' lang='lat' dir='ltr'>mortem</span> <span class='ocrx_word' id='word_1_260' title='bbox 1601 2258 1696 2300; x_wconf 91' lang='lat' dir='ltr'>odio</span> <span class='ocrx_word' id='word_1_261' title='bbox 1714 2256 1875 2299; x_wconf 85' lang='lat' dir='ltr'>habuit.</span> 
     </span>
     <span class='ocr_line' id='line_1_32' title="bbox 373 2314 1876 2370; baseline -0.004 -9"><span class='ocrx_word' id='word_1_262' title='bbox 373 2319 467 2360; x_wconf 83' lang='lat' dir='ltr'>Rex</span> <span class='ocrx_word' id='word_1_263' title='bbox 485 2331 586 2361; x_wconf 89' lang='lat' dir='ltr'>vero</span> <span class='ocrx_word' id='word_1_264' title='bbox 606 2316 760 2368; x_wconf 89' lang='lat' dir='ltr'>David,</span> <span class='ocrx_word' id='word_1_265' title='bbox 779 2317 827 2359; x_wconf 94' lang='lat' dir='ltr'>in</span> <span class='ocrx_word' id='word_1_266' title='bbox 845 2314 1043 2359; x_wconf 88' lang='lat' dir='ltr'>virilibus</span> <span class='ocrx_word' id='word_1_267' title='bbox 1062 2315 1304 2359; x_wconf 83' lang='lat' dir='ltr'>adolescens</span> <span class='ocrx_word' id='word_1_268' title='bbox 1325 2320 1368 2359; x_wconf 94' lang='lat' dir='ltr'>et</span> <span class='ocrx_word' id='word_1_269' title='bbox 1383 2316 1692 2366; x_wconf 84' lang='lat' dir='ltr'>convalescens,</span> <span class='ocrx_word' id='word_1_270' title='bbox 1703 2315 1750 2357; x_wconf 91' lang='lat' dir='ltr'>in</span> <span class='ocrx_word' id='word_1_271' title='bbox 1760 2314 1876 2370; x_wconf 89' lang='lat' dir='ltr'>prin-</span> 
     </span>
     <span class='ocr_line' id='line_1_33' title="bbox 375 2371 1876 2430; baseline -0.003 -13"><span class='ocrx_word' id='word_1_272' title='bbox 375 2376 487 2430; x_wconf 90' lang='lat' dir='ltr'>cipio</span> <span class='ocrx_word' id='word_1_273' title='bbox 519 2376 587 2417; x_wconf 91' lang='lat' dir='ltr'>sui</span> <span class='ocrx_word' id='word_1_274' title='bbox 616 2375 818 2417; x_wconf 88' lang='lat' dir='ltr'>introitus</span> <span class='ocrx_word' id='word_1_275' title='bbox 854 2374 901 2416; x_wconf 92' lang='lat' dir='ltr'>in</span> <span class='ocrx_word' id='word_1_276' title='bbox 936 2373 1127 2417; x_wconf 88' lang='lat' dir='ltr'>Scociam</span> <span class='ocrx_word' id='word_1_277' title='bbox 1161 2372 1273 2416; x_wconf 88' lang='lat' dir='ltr'>trina</span> <span class='ocrx_word' id='word_1_278' title='bbox 1300 2374 1394 2416; x_wconf 87' lang='lat' dir='ltr'>vice</span> <span class='ocrx_word' id='word_1_279' title='bbox 1424 2373 1628 2429; x_wconf 85' lang='lat' dir='ltr'>Angliam</span> <span class='ocrx_word' id='word_1_280' title='bbox 1665 2371 1876 2414; x_wconf 88' lang='lat' dir='ltr'>hostiliter</span> 
     </span>
     <span class='ocr_line' id='line_1_34' title="bbox 374 2428 1876 2487; baseline -0.003 -14"><span class='ocrx_word' id='word_1_281' title='bbox 374 2433 545 2483; x_wconf 90' lang='lat' dir='ltr'>invasit,</span> <span class='ocrx_word' id='word_1_282' title='bbox 565 2436 609 2475; x_wconf 89' lang='lat' dir='ltr'>et</span> <span class='ocrx_word' id='word_1_283' title='bbox 637 2431 773 2474; x_wconf 92' lang='lat' dir='ltr'>multa</span> <span class='ocrx_word' id='word_1_284' title='bbox 801 2431 915 2474; x_wconf 87' lang='lat' dir='ltr'>mala</span> <span class='ocrx_word' id='word_1_285' title='bbox 946 2431 1117 2487; x_wconf 88' lang='lat' dir='ltr'>peregit.</span> <span class='ocrx_word' id='word_1_286' title='bbox 1178 2431 1322 2473; x_wconf 85' lang='lat' dir='ltr'>Prima</span> <span class='ocrx_word' id='word_1_287' title='bbox 1350 2431 1445 2474; x_wconf 83' lang='lat' dir='ltr'>vice</span> <span class='ocrx_word' id='word_1_288' title='bbox 1477 2444 1613 2486; x_wconf 87' lang='lat' dir='ltr'>usque</span> <span class='ocrx_word' id='word_1_289' title='bbox 1646 2429 1701 2472; x_wconf 90' lang='lat' dir='ltr'>ad</span> <span class='ocrx_word' id='word_1_290' title='bbox 1728 2428 1876 2471; x_wconf 87' lang='lat' dir='ltr'>villam</span> 
     </span>
     <span class='ocr_line' id='line_1_35' title="bbox 375 2485 1876 2544; baseline -0.004 -12"><span class='ocrx_word' id='word_1_291' title='bbox 375 2489 429 2532; x_wconf 93' lang='lat' dir='ltr'>de</span> <span class='ocrx_word' id='word_1_292' title='bbox 455 2489 640 2532; x_wconf 89' lang='lat' dir='ltr'>Penreth</span> <span class='ocrx_word' id='word_1_293' title='bbox 670 2490 867 2532; x_wconf 87' lang='lat' dir='ltr'>vastavit.</span> <span class='ocrx_word' id='word_1_294' title='bbox 929 2489 1123 2532; x_wconf 87' lang='lat' dir='ltr'>Secundo</span> <span class='ocrx_word' id='word_1_295' title='bbox 1151 2502 1250 2532; x_wconf 86' lang='lat' dir='ltr'>vero</span> <span class='ocrx_word' id='word_1_296' title='bbox 1284 2489 1459 2539; x_wconf 90' lang='lat' dir='ltr'>intrans,</span> <span class='ocrx_word' id='word_1_297' title='bbox 1485 2488 1690 2544; x_wconf 90' lang='lat' dir='ltr'>quosdam</span> <span class='ocrx_word' id='word_1_298' title='bbox 1717 2485 1876 2527; x_wconf 83' lang='lat' dir='ltr'>milites</span> 
     </span>
     <span class='ocr_line' id='line_1_36' title="bbox 376 2543 1878 2603; baseline -0.004 -14"><span class='ocrx_word' id='word_1_299' title='bbox 376 2547 546 2603; x_wconf 88' lang='lat' dir='ltr'>cingulo</span> <span class='ocrx_word' id='word_1_300' title='bbox 584 2547 762 2589; x_wconf 87' lang='lat' dir='ltr'>militari</span> <span class='ocrx_word' id='word_1_301' title='bbox 799 2547 1024 2598; x_wconf 87' lang='lat' dir='ltr'>decoravit,</span> <span class='ocrx_word' id='word_1_302' title='bbox 1063 2546 1142 2589; x_wconf 86' lang='lat' dir='ltr'>viz.</span> <span class='ocrx_word' id='word_1_303' title='bbox 1184 2548 1375 2598; x_wconf 89' lang='lat' dir='ltr'>Stewart,</span> <span class='ocrx_word' id='word_1_304' title='bbox 1419 2546 1713 2601; x_wconf 87' lang='lat' dir='ltr'>Eglingtoune,</span> <span class='ocrx_word' id='word_1_305' title='bbox 1742 2543 1878 2597; x_wconf 91' lang='lat' dir='ltr'>Boyd,</span> 
     </span>
     <span class='ocr_line' id='line_1_37' title="bbox 378 2600 1877 2660; baseline -0.004 -14"><span class='ocrx_word' id='word_1_306' title='bbox 378 2603 550 2660; x_wconf 81' lang='lat' dir='ltr'>Gragy¹2</span> <span class='ocrx_word' id='word_1_307' title='bbox 569 2607 612 2646; x_wconf 91' lang='lat' dir='ltr'>et</span> <span class='ocrx_word' id='word_1_308' title='bbox 630 2605 938 2658; x_wconf 81' lang='lat' dir='ltr'>Foulartoune;</span> <span class='ocrx_word' id='word_1_309' title='bbox 966 2605 1052 2660; x_wconf 89' lang='lat' dir='ltr'>qui,</span> <span class='ocrx_word' id='word_1_310' title='bbox 1073 2603 1265 2660; x_wconf 79' lang='lat' dir='ltr'>captivi¹⁸</span> <span class='ocrx_word' id='word_1_311' title='bbox 1284 2608 1431 2659; x_wconf 89' lang='lat' dir='ltr'>postea</span> <span class='ocrx_word' id='word_1_312' title='bbox 1450 2601 1615 2654; x_wconf 77' lang='lat' dir='ltr'>ducti‚¹4</span> <span class='ocrx_word' id='word_1_313' title='bbox 1629 2600 1765 2643; x_wconf 88' lang='lat' dir='ltr'>multo</span> <span class='ocrx_word' id='word_1_314' title='bbox 1785 2600 1877 2642; x_wconf 88' lang='lat' dir='ltr'>auri</span> 
     </span>
    </p>
   </div>
   <div class='ocr_carea' id='block_1_6' title="bbox 427 2725 1876 3053">
    <p class='ocr_par' dir='ltr' id='par_1_6' title="bbox 441 2725 1773 2769">
     <span class='ocr_line' id='line_1_38' title="bbox 441 2725 1773 2769; baseline -0.003 -7"><span class='ocrx_word' id='word_1_315' title='bbox 441 2728 455 2750; x_wconf 81' lang='lat'><em>¹</em></span> <span class='ocrx_word' id='word_1_316' title='bbox 472 2728 511 2763; x_wconf 86' lang='lat' dir='ltr'>O.</span> <span class='ocrx_word' id='word_1_317' title='bbox 529 2727 571 2762; x_wconf 92' lang='lat' dir='ltr'>D.</span> <span class='ocrx_word' id='word_1_318' title='bbox 590 2728 631 2762; x_wconf 92' lang='grc' dir='ltr'>Ε.</span> <span class='ocrx_word' id='word_1_319' title='bbox 648 2727 789 2761; x_wconf 81' lang='lat' dir='ltr'>nobilia.</span> <span class='ocrx_word' id='word_1_320' title='bbox 1459 2725 1474 2748; x_wconf 79' lang='lat'><strong>²</strong></span> <span class='ocrx_word' id='word_1_321' title='bbox 1490 2727 1528 2761; x_wconf 86' lang='lat' dir='ltr'>C.</span> <span class='ocrx_word' id='word_1_322' title='bbox 1549 2727 1588 2760; x_wconf 85' lang='lat' dir='ltr'>E.</span> <span class='ocrx_word' id='word_1_323' title='bbox 1607 2729 1773 2769; x_wconf 84' lang='lat' dir='ltr'>tempore.</span> 
     </span>
    </p>

    <p class='ocr_par' dir='ltr' id='par_1_7' title="bbox 440 2772 1819 2810">
     <span class='ocr_line' id='line_1_39' title="bbox 440 2772 1819 2810; baseline -0.003 -1"><span class='ocrx_word' id='word_1_324' title='bbox 440 2774 456 2797; x_wconf 79' lang='lat'><strong>3</strong></span> <span class='ocrx_word' id='word_1_325' title='bbox 471 2776 509 2810; x_wconf 86' lang='lat' dir='ltr'>C.</span> <span class='ocrx_word' id='word_1_326' title='bbox 528 2775 718 2809; x_wconf 79' lang='lat' dir='ltr'>Grelleriae.</span> <span class='ocrx_word' id='word_1_327' title='bbox 770 2775 812 2808; x_wconf 92' lang='lat' dir='ltr'>D.</span> <span class='ocrx_word' id='word_1_328' title='bbox 831 2774 1001 2808; x_wconf 74' lang='lat' dir='ltr'>Gelleriae.</span> <span class='ocrx_word' id='word_1_329' title='bbox 1458 2772 1472 2795; x_wconf 76' lang='lat'><em>4</em></span> <span class='ocrx_word' id='word_1_330' title='bbox 1488 2774 1526 2807; x_wconf 83' lang='lat' dir='ltr'>O.</span> <span class='ocrx_word' id='word_1_331' title='bbox 1545 2773 1587 2806; x_wconf 93' lang='lat' dir='ltr'>D.</span> <span class='ocrx_word' id='word_1_332' title='bbox 1607 2773 1647 2807; x_wconf 84' lang='lat' dir='ltr'>E.</span> <span class='ocrx_word' id='word_1_333' title='bbox 1666 2774 1737 2806; x_wconf 82' lang='lat' dir='ltr'>add</span> <span class='ocrx_word' id='word_1_334' title='bbox 1754 2775 1819 2806; x_wconf 90' lang='lat' dir='ltr'>etc.</span> 
     </span>
    </p>

    <p class='ocr_par' dir='ltr' id='par_1_8' title="bbox 442 2818 1663 2865">
     <span class='ocr_line' id='line_1_40' title="bbox 442 2818 1663 2865; baseline -0.002 -9"><span class='ocrx_word' id='word_1_335' title='bbox 442 2821 457 2844; x_wconf 86' lang='lat'>⁵</span> <span class='ocrx_word' id='word_1_336' title='bbox 474 2823 511 2856; x_wconf 85' lang='lat' dir='ltr'>O.</span> <span class='ocrx_word' id='word_1_337' title='bbox 529 2823 570 2855; x_wconf 83' lang='lat' dir='ltr'>E.</span> <span class='ocrx_word' id='word_1_338' title='bbox 587 2822 660 2855; x_wconf 79' lang='lat' dir='ltr'>add</span> <span class='ocrx_word' id='word_1_339' title='bbox 674 2831 737 2865; x_wconf 88' lang='lat' dir='ltr'>pro</span> <span class='ocrx_word' id='word_1_340' title='bbox 753 2832 833 2865; x_wconf 86' lang='lat' dir='ltr'>rege</span> <span class='ocrx_word' id='word_1_341' title='bbox 849 2832 922 2854; x_wconf 86' lang='lat' dir='ltr'>suo.</span> <span class='ocrx_word' id='word_1_342' title='bbox 1458 2818 1474 2842; x_wconf 79' lang='lat'><strong>⁰</strong></span> <span class='ocrx_word' id='word_1_343' title='bbox 1490 2821 1529 2854; x_wconf 92' lang='lat' dir='ltr'>B.</span> <span class='ocrx_word' id='word_1_344' title='bbox 1548 2831 1663 2864; x_wconf 84' lang='lat' dir='ltr'>quam.</span> 
     </span>
    </p>

    <p class='ocr_par' dir='ltr' id='par_1_9' title="bbox 442 2868 880 2911">
     <span class='ocr_line' id='line_1_41' title="bbox 442 2868 880 2911; baseline -0.005 -8"><span class='ocrx_word' id='word_1_345' title='bbox 442 2868 457 2892; x_wconf 77' lang='lat'>⁷</span> <span class='ocrx_word' id='word_1_346' title='bbox 475 2869 512 2903; x_wconf 85' lang='lat' dir='ltr'>G.</span> <span class='ocrx_word' id='word_1_347' title='bbox 532 2869 575 2903; x_wconf 88' lang='lat' dir='ltr'>D.</span> <span class='ocrx_word' id='word_1_348' title='bbox 595 2869 636 2902; x_wconf 89' lang='grc' dir='ltr'>Ε.</span> <span class='ocrx_word' id='word_1_349' title='bbox 654 2868 880 2911; x_wconf 82' lang='lat' dir='ltr'>Innerbervy.</span> 
     </span>
    </p>

    <p class='ocr_par' dir='ltr' id='par_1_10' title="bbox 442 2912 1876 2997">
     <span class='ocr_line' id='line_1_42' title="bbox 442 2912 1876 2955; baseline -0.003 -5"><span class='ocrx_word' id='word_1_350' title='bbox 442 2915 457 2938; x_wconf 84' lang='lat'>⁸</span> <span class='ocrx_word' id='word_1_351' title='bbox 473 2916 513 2950; x_wconf 93' lang='lat' dir='ltr'>B.</span> <span class='ocrx_word' id='word_1_352' title='bbox 533 2915 637 2950; x_wconf 76' lang='lat' dir='ltr'>focos.</span> <span class='ocrx_word' id='word_1_353' title='bbox 686 2915 721 2949; x_wconf 86' lang='lat' dir='ltr'>C.</span> <span class='ocrx_word' id='word_1_354' title='bbox 741 2915 779 2949; x_wconf 84' lang='lat' dir='ltr'>E.</span> <span class='ocrx_word' id='word_1_355' title='bbox 799 2915 885 2948; x_wconf 83' lang='lat' dir='ltr'>foca.</span> <span class='ocrx_word' id='word_1_356' title='bbox 935 2914 979 2948; x_wconf 93' lang='lat' dir='ltr'>D.</span> <span class='ocrx_word' id='word_1_357' title='bbox 995 2913 1089 2948; x_wconf 80' lang='lat' dir='ltr'>focos</span> <span class='ocrx_word' id='word_1_358' title='bbox 1102 2914 1201 2949; x_wconf 82' lang='lat' dir='ltr'>above</span> <span class='ocrx_word' id='word_1_359' title='bbox 1214 2924 1360 2955; x_wconf 71' lang='lat' dir='ltr'>erasure,</span> <span class='ocrx_word' id='word_1_360' title='bbox 1377 2913 1455 2948; x_wconf 76' lang='lat' dir='ltr'>with</span> <span class='ocrx_word' id='word_1_361' title='bbox 1471 2913 1549 2947; x_wconf 81' lang='lat' dir='ltr'>flres</span> <span class='ocrx_word' id='word_1_362' title='bbox 1563 2914 1648 2947; x_wconf 77' lang='lat' dir='ltr'>later</span> <span class='ocrx_word' id='word_1_363' title='bbox 1660 2912 1876 2947; x_wconf 69' lang='lat' dir='ltr'>underneath.</span> 
     </span>
     <span class='ocr_line' id='line_1_43' title="bbox 442 2959 1719 2997; baseline -0.002 -1"><span class='ocrx_word' id='word_1_364' title='bbox 442 2961 458 2984; x_wconf 81' lang='lat'>⁹</span> <span class='ocrx_word' id='word_1_365' title='bbox 474 2963 511 2997; x_wconf 86' lang='lat' dir='ltr'>O.</span> <span class='ocrx_word' id='word_1_366' title='bbox 530 2963 570 2996; x_wconf 91' lang='grc' dir='ltr'>Ε.</span> <span class='ocrx_word' id='word_1_367' title='bbox 589 2962 758 2997; x_wconf 82' lang='lat' dir='ltr'>comunia.</span> <span class='ocrx_word' id='word_1_368' title='bbox 854 2959 884 2982; x_wconf 79' lang='lat'>¹⁰</span> <span class='ocrx_word' id='word_1_369' title='bbox 900 2961 937 2995; x_wconf 85' lang='lat' dir='ltr'>G.</span> <span class='ocrx_word' id='word_1_370' title='bbox 955 2961 1118 2995; x_wconf 81' lang='lat' dir='ltr'>latanter.</span> <span class='ocrx_word' id='word_1_371' title='bbox 1444 2959 1471 2982; x_wconf 88' lang='lat'>¹¹</span> <span class='ocrx_word' id='word_1_372' title='bbox 1490 2961 1527 2995; x_wconf 83' lang='lat' dir='ltr'>O.</span> <span class='ocrx_word' id='word_1_373' title='bbox 1546 2961 1585 2994; x_wconf 87' lang='grc' dir='ltr'>Ε.</span> <span class='ocrx_word' id='word_1_374' title='bbox 1604 2961 1719 2994; x_wconf 84' lang='lat' dir='ltr'>efficit.</span> 
     </span>
    </p>

    <p class='ocr_par' dir='ltr' id='par_1_11' title="bbox 427 3006 1706 3053">
     <span class='ocr_line' id='line_1_44' title="bbox 427 3006 1706 3053; baseline -0.002 -10"><span class='ocrx_word' id='word_1_375' title='bbox 427 3009 456 3032; x_wconf 79' lang='lat'>¹2</span> <span class='ocrx_word' id='word_1_376' title='bbox 476 3010 515 3043; x_wconf 88' lang='lat' dir='ltr'>D.</span> <span class='ocrx_word' id='word_1_377' title='bbox 534 3009 659 3053; x_wconf 82' lang='lat' dir='ltr'>Gragy.</span> <span class='ocrx_word' id='word_1_378' title='bbox 854 3007 882 3029; x_wconf 81' lang='lat'>¹³</span> <span class='ocrx_word' id='word_1_379' title='bbox 896 3008 933 3042; x_wconf 81' lang='lat' dir='ltr'>O.</span> <span class='ocrx_word' id='word_1_380' title='bbox 952 3007 991 3041; x_wconf 82' lang='lat' dir='ltr'>E.</span> <span class='ocrx_word' id='word_1_381' title='bbox 1011 3010 1090 3042; x_wconf 74' lang='lat' dir='ltr'>omit</span> <span class='ocrx_word' id='word_1_382' title='bbox 1109 3007 1362 3052; x_wconf 64' lang='lat' dir='ltr'>viz—captivi.</span> <span class='ocrx_word' id='word_1_383' title='bbox 1451 3006 1479 3029; x_wconf 83' lang='lat'>¹⁴</span> <span class='ocrx_word' id='word_1_384' title='bbox 1496 3008 1532 3041; x_wconf 85' lang='lat' dir='ltr'>C.</span> <span class='ocrx_word' id='word_1_385' title='bbox 1552 3008 1592 3041; x_wconf 84' lang='lat' dir='ltr'>E.</span> <span class='ocrx_word' id='word_1_386' title='bbox 1611 3007 1706 3041; x_wconf 87' lang='lat' dir='ltr'>dicti.</span> 
     </span>
    </p>
   </div>
  </div>
 </body>
</html>
