2008 3360
352 283 433 322 128
825 292 952 323 mmm
971 291 1328 323 PLUSGARDENSIS.

346 395 501 451 saepius
521 396 712 440 revoluto
730 396 976 446 Pandoram,
996 396 1050 438 ad
1078 396 1429 451 interrogaciones
1459 396 1520 440 eis
1545 397 1678 441 factas
1707 399 1845 442 multa

344 454 449 496 satis
468 454 637 510 propria
655 467 856 509 responsa
873 453 1150 503 invenientes,
1165 453 1364 495 dixerunt
1378 454 1492 508 quod
1506 456 1777 499 ascendentes
1796 458 1844 499 in

344 511 467 554 feodo
486 525 573 554 non
593 512 831 561 succedent,
850 514 976 566 prout
1004 510 1051 551 111
1081 510 1194 552 dicto
1222 510 1331 552 libro
1361 514 1551 563 testatur,
1570 513 1618 554 in
1635 514 1763 556 titulo
1781 515 1844 556 De

343 574 503 611 natura
516 569 770 611 successionis
773 567 923 623 feodi,1
939 568 1125 623 capitulo
1144 568 1292 623 primo.
1332 568 1414 610 Per
1427 568 1506 611 hoc
1522 570 1635 612 enim
1655 572 1843 614 excludi-

343 631 416 668 tur
428 626 584 682 peticio
598 626 707 681 regis
719 626 763 667 N
765 625 1022 681 orouwegiae‚
1034 625 1110 680 qui
1124 626 1354 668 ascendens
1369 626 1454 668 fuit
1468 626 1522 668 ad
1537 629 1842 671 successionem

341 684 441 726 filiae
461 698 560 734 suae,
579 684 841 739 Margaretae,
861 697 957 738 quae
975 683 1095 725 heres
1115 683 1252 725 fuerat
1271 697 1476 738 apparens
1496 697 1544 726 eo
1573 689 1759 740 tempore
1787 687 1842 730 ad

341 755 519 796 regnum
535 741 700 784 Scociae.
746 741 859 783 Item
877 741 1149 796 postmodum
1163 741 1418 783 invenerunt
1437 742 1551 796 quod
1570 742 1683 784 filius
1698 747 1843 786 natur-

342 799 422 840 alis
453 798 688 849 bastardus,
711 798 812 840 licet
840 802 987 854 postea
1017 797 1161 840 fuerit2
1189 798 1482 853 legittimatus,
1512 800 1646 842 eciam
1675 814 1759 855 quo
1789 802 1842 844 ad

341 856 601 911 temporalia,
622 856 713 898 sive
741 870 817 911 per
845 856 1163 899 matrimonium
1192 857 1464 911 subsequens,
1484 857 1574 899 sive
1603 857 1736 908 aliter,
1756 872 1843 900 non

339 914 538 956 succedet
565 915 613 955 in
642 912 841 964 feodum‚⁸
860 918 910 956 ut
938 914 986 956 in
1015 914 1128 956 dicto
1147 913 1255 956 libro
1284 914 1414 956 tercio
1434 915 1480 956 in
1501 915 1686 969 capitulo
1712 916 1842 966 finali,

339 972 468 1014 titulo
488 972 539 1014 Si
566 972 615 1013 de
633 973 757 1027 feodo
786 973 983 1027 defuncti,
1012 975 1055 1014 et
1083 971 1131 1013 in
1159 971 1346 1026 capitulo
1370 972 1626 1015 Naturalia*
1682 974 1739 1015 Et
1767 987 1843 1028 per

339 1029 419 1071 hoc
449 1029 691 1072 excluditur
710 1029 906 1071 dominus
926 1029 1169 1071 Willelmus
1190 1029 1242 1071 de
1261 1030 1380 1080 Ross,
1399 1029 1501 1072 licet
1530 1029 1582 1072 de
1610 1030 1841 1086 legittima-

339 1087 459 1129 cione
493 1087 703 1129 Ysabellae
734 1087 1021 1129 antecedentis
1056 1100 1143 1129 suae
1170 1091 1313 1142 posset
1341 1087 1467 1143 plene
1501 1087 1669 1131 doceri.⁵
1728 1089 1841 1131 Item

337 1150 484 1199 postea
503 1145 756 1187 invenerunt
777 1145 891 1200 quod
910 1145 1079 1195 femina,
1097 1144 1167 1187 vel
1185 1144 1323 1199 proles
1347 1159 1400 1187 ex
1419 1158 1468 1187 ea
1497 1145 1766 1197 descendens,
1785 1146 1839 1188 ad

337 1203 646 1245 successionem
666 1202 779 1245 feodi
798 1202 996 1257 aspirari⁶
1013 1216 1100 1244 11011
1118 1206 1269 1257 potest,
1289 1206 1339 1244 ut
1367 1203 1414 1243 in
1434 1203 1547 1244 dicto
1573 1202 1692 1254 libro,
1711 1203 1839 1245 titulo

336 1260 399 1302 De
415 1261 555 1315 qradu
573 1261 827 1302 successionis
845 1261 895 1301 in
903 1261 1088 1315 feodum,
1103 1259 1290 1315 capitulo
1309 1260 1455 1315 primo.
1515 1261 1596 1302 Per
1615 1260 1746 1315 qu0d⁷
1766 1275 1838 1303 ex-

337 1318 570 1360 cluduntur
589 1331 728 1360 comes
748 1317 800 1359 de
827 1317 1052 1368 Holandia,
1072 1318 1281 1359 Robertus
1311 1317 1362 1359 de
1383 1318 1529 1373 Broys,
1549 1321 1593 1359 et
1619 1319 1648 1360 J
1651 1318 1838 1360 ohannes

337 1375 391 1418 de
410 1375 604 1426 Balliolo,
623 1389 721 1418 011111
739 1374 801 1416 1111
821 1389 898 1430 per
923 1375 1164 1417 discensum
1194 1388 1247 1416 ex
1277 1375 1440 1417 duabus
1460 1375 1669 1418 sororibus
1688 1376 1838 1418 vendi-

336 1437 435 1475 cent
450 1433 614 1475 dictum
628 1446 815 1488 regnum,
831 1436 874 1475 et
889 1446 1028 1475 comes
1044 1432 1270 1474 Holandiae
1283 1446 1359 1487 per
1373 1433 1614 1475 discensum
1633 1447 1687 1475 ex
1707 1433 1839 1475 altera

334 1495 467 1546 parte.
529 1491 642 1533 Item
681 1504 827 1532 casum
865 1503 1111 1545 expressum
1139 1490 1397 1532 invenerunt
1434 1490 1488 1532 ad
1522 1490 1835 1532 excludendum

335 1549 569 1591 Robertum
589 1548 641 1590 de
661 1547 794 1603 Broys
822 1550 865 1590 et
884 1549 914 1590 J
916 1547 1127 1589 ohannem
1156 1547 1351 1589 similiter
1371 1547 1423 1590 de
1450 1547 1657 1589 Balliolo:
1700 1548 1839 1591 Ticio⁸

334 1606 452 1649 enim
480 1606 680 1648 defuncto
710 1606 801 1648 sine
829 1605 1019 1660 legitimo
1048 1605 1201 1647 herede
1228 1605 1428 1655 masculo,
1447 1605 1576 1660 hujus
1602 1605 1714 1647 feodi
1743 1619 1838 1648 suc-

335 1665 468 1706 cessio
487 1678 574 1706 non
592 1664 778 1719 pertinet
797 1663 852 1705 ad
871 1662 1061 1718 ejusdem
1076 1661 1204 1705 Ticii⁹
1223 1667 1424 1717 patruum
1453 1676 1665 1718 magnum,
1686 1677 1763 1705 nec
1783 1663 1838 1705 ad.

333 1722 497 1776 prolem
528 1735 582 1763 ex
614 1735 662 1763 eo
694 1720 1030 1771 descendentem,
1049 1724 1100 1762 ut
1130 1721 1176 1761 in
1208 1720 1321 1762 dicto
1351 1720 1479 1762 titulo
1505 1721 1771 1763 &accessionis
1788 1722 1838 1763 in

322 1780 499 1834 feodum
519 1784 702 1829 cavetur,
724 1778 910 1834 capitulo
929 1778 1075 1833 primo.
1135 1777 1279 1820 David
1301 1782 1445 1820 autem
1471 1791 1609 1820 comes
1639 1778 1690 1820 de
1710 1778 1836 1820 Hun-

332 1840 500 1892 tynton‚
512 1840 751 1879 antecessor
761 1835 1010 1878 dictorum¹⁰
1029 1836 1202 1878 Roberti
1217 1839 1260 1878 et
1271 1836 1302 1878 J
1303 1835 1494 1886 ohannis,
1508 1849 1582 1891 per
1594 1835 1835 1878 discensum

332 1895 455 1949 cujus
485 1894 570 1950 ipsi
599 1898 754 1950 petunt
785 1893 949 1936 dictum
978 1907 1166 1948 regnum,
1197 1893 1281 1935 fuit
1310 1896 1487 1948 patruus
1517 1906 1695 1948 magnus
1725 1893 1835 1948 regis

330 1952 567 1995 Alexandri
594 1952 748 1994 ultimo
767 1951 968 2002 defuncti,
988 1951 1064 2006 qui
1083 1951 1167 1993 fuit
1196 1949 1361 1993 frater¹¹
1389 1950 1497 2005 regis
1526 1950 1705 1992 illustris
1724 1950 1837 1993 Wil-

329 2010 461 2060 lelmi‚
476 2010 546 2052 avi
561 2009 666 2052 dicti
677 2008 914 2051 Alexandri
929 2024 939 2061 ;
968 2013 1012 2051 et
1030 2009 1090 2050 sic
1105 2008 1233 2062 hujus
1251 2007 1366 2049 feodi
1380 2007 1586 2049 successio
1606 2007 1660 2049 ad
1673 2007 1835 2063 prolem

331 2081 385 2110 ex
414 2068 528 2110 dicto
547 2067 692 2109 David
715 2067 869 2109 comite
897 2066 1223 2108 descendentem
1251 2065 1459 2120 pertinere
1487 2079 1575 2107 non
1603 2065 1739 2116 debet,
1759 2065 1834 2108 sed

330 2130 564 2168 revertetur
582 2125 637 2167 ad
652 2125 873 2167 dominum
887 2124 1143 2179 superiorem
1157 2123 1276 2165 illius
1290 2123 1410 2165 feodi.
1453 2123 1565 2164 Item
1579 2123 1835 2178 invenerunt

330 2183 445 2238 quod
464 2188 568 2226 tunc
588 2183 761 2225 demum
780 2182 827 2224 111
844 2182 981 2224 feodis
1001 2181 1055 2223 ad
1084 2181 1197 2236 leges
1226 2194 1470 2223 communes
1495 2180 1733 2231 recurritur,
1759 2194 1834 2236 per

330 2239 494 2295 quam¹²
513 2240 772 2283 consuetudo
791 2240 911 2295 regni
928 2252 1015 2281 non
1028 2238 1256 2289 invenitur,
1270 2243 1320 2280 ut
1339 2238 1387 2280 in
1401 2238 1548 2281 eodem
1566 2238 1685 2289 libro,
1704 2237 1832 2280 titulo

329 2299 391 2339 De
405 2299 687 2353 conjuyacione
693 2297 726 2323 ¹⁸
735 2298 866 2353 feodi,
882 2296 1068 2352 capitulo
1083 2296 1230 2351 primo,
1243 2296 1290 2337 in
1304 2296 1399 2338 fine.
1449 2295 1561 2337 Item
1575 2296 1831 2337 invenerunt

329 2356 443 2409 quod
458 2356 505 2397 in
516 2356 651 2398 feodis
663 2355 921 2398 consuetudo
934 2368 1029 2410 quae
1042 2354 1090 2396 in
1101 2353 1329 2409 majoribus
1341 2353 1648 2403 observatur‚in
1658 2352 1831 2393 minori-

328 2412 409 2454 bus
429 2413 563 2455 eciam
582 2413 795 2455 observari
823 2412 1003 2455 deberet.
1062 2412 1163 2454 Non
1185 2416 1330 2453 tamen
1355 2411 1609 2453 invenerunt
1627 2407 1831 2451 tantum¹4

327 2470 442 2525 quod
476 2470 781 2512 consuetudine
814 2470 1027 2512 minorum
1065 2469 1244 2524 majores
1282 2468 1623 2522 constringantur
1642 2482 1652 2509 :
1695 2470 1745 2508 ut
1783 2467 1830 2508 in

390 2609 403 2632 1
420 2611 456 2644 O.
476 2610 515 2643 Ε.
534 2610 630 2643 feudi
644 2613 781 2652 passim.
1331 2607 1346 2629 ²
1362 2608 1401 2642 B.
1419 2608 1545 2641 fuerat.

389 2655 406 2678 ³
417 2657 456 2691 C.
475 2657 601 2696 feudis,
618 2658 745 2690 altered
761 2662 792 2690 to
808 2656 962 2692 feudum.
1010 2656 1049 2691 E.
1067 2656 1192 2690 feudis.
1333 2654 1347 2676 ⁴
1363 2655 1402 2688 B.
1421 2654 1458 2688 C.
1477 2655 1519 2687 D.
1538 2654 1578 2688 Ε.
1595 2653 1792 2688 Naturales.

389 2701 405 2725 ⁶
420 2704 459 2737 B.
479 2703 516 2738 O.
536 2704 577 2736 D.
596 2704 635 2738 Ε.
654 2703 787 2737 docere.

388 2749 405 2772 ⁶
420 2751 458 2784 Β.
477 2751 514 2784 O.
534 2750 573 2784 E.
593 2750 754 2793 aspirare.
805 2750 846 2783 D.
865 2749 1011 2792 aspirari
1027 2749 1155 2782 altered
1172 2749 1257 2782 later
1272 2752 1305 2781 to
1321 2747 1483 2791 aspirare.

388 2797 404 2822 7
418 2798 457 2831 Β.
475 2797 551 2831 hoc.
601 2797 642 2830 D.
661 2797 724 2830 has
739 2796 805 2830 hoc
824 2797 909 2830 later
923 2797 1023 2829 above
1038 2795 1142 2838 quod.
1296 2793 1310 2816 ⁸
1327 2795 1364 2828 O.
1383 2794 1487 2827 Oicio.
1628 2792 1643 2815 ⁹
1661 2794 1696 2827 O.
1716 2794 1812 2828 Cicii.

373 2843 403 2866 ¹⁰
419 2845 455 2878 O.
474 2845 513 2877 Ε.
532 2844 628 2877 dicti.
910 2841 937 2863 ¹¹
953 2844 1052 2885 pater
1068 2842 1196 2875 altered
1212 2846 1245 2874 to
1261 2841 1377 2876 frater.
1426 2841 1465 2874 B.
1484 2842 1592 2884 pater.

373 2890 402 2913 ¹²
418 2892 456 2925 B.
475 2891 512 2925 O.
531 2891 570 2925 Ε.
588 2893 782 2934 postquam.
831 2889 872 2925 D.
891 2899 1070 2933 proquam,
1088 2889 1158 2921 and
1174 2890 1254 2921 omit
1271 2899 1340 2932 per.

373 2937 401 2960 ¹³
417 2939 455 2972 B.
469 2938 507 2972 O.
519 2938 560 2972 D.
573 2938 612 2973 E.
627 2937 832 2982 cognicione.
913 2934 941 2958 ¹4
957 2936 995 2970 B.
1007 2935 1187 2969 invenitur
1198 2937 1346 2969 tantum.
1385 2934 1421 2969 C.
1430 2934 1466 2969 Ε.
1475 2934 1656 2969 invenitur
1669 2937 1821 2969 cautum.
