2008 3360
360 263 441 302 168
853 272 980 303 mnan
998 272 1359 304 PLUSGARDENSIS.

356 375 556 419 dominus
585 376 807 419 Hiberniae
841 390 889 418 ac
921 377 1011 418 dux
1044 375 1300 431 Aquitaniae,
1335 376 1487 418 devota
1519 377 1677 432 pedum
1711 377 1855 420 oscula

356 434 586 476 beatorum.
645 435 764 476 Infra
783 434 952 488 scripta,
981 433 1083 475 non1
1110 433 1158 475 in
1186 434 1321 475 forma
1348 447 1426 476 nec
1456 433 1503 475 in
1531 435 1663 490 figura
1688 436 1852 491 judicii,

357 491 433 534 sed
467 491 626 534 anim02
657 496 777 534 extra
805 491 1029 546 judicium,
1055 504 1131 546 pro
1163 490 1368 533 servanda
1402 488 1557 533 sanctae
1590 493 1856 547 paternitatis

355 553 509 592 vestrae
547 549 819 599 consciencia,
854 549 974 590 vobis
1013 548 1345 590 transmittimus
1378 548 1628 592 exhibenda.
1684 550 1857 593 Altissi-

355 620 451 649 mus
486 606 767 661 Inspectator⁸
796 606 987 648 cordium
1016 606 1186 648 vestrae⁴
1219 606 1428 648 crineome
1457 606 1616 649 moriae⁶
1646 606 1857 651 indelibili

356 664 455 706 stilo
476 664 642 706 noverit
670 664 845 706 inscribi
864 664 979 719 quod
1004 668 1286 707 antecessores
1306 664 1450 715 nostri,
1470 678 1587 720 reges
1617 664 1794 720 Angliae,
1814 670 1859 708 et

354 722 652 777 progenitores,
681 722 778 777 jure
808 722 1034 777 superioris
1073 725 1117 764 et
1155 721 1437 773 directivumfi
1466 723 1529 766 ab.
1550 722 1857 777 antiquissimis

356 784 399 821 et
420 779 638 822 retroactis
667 780 941 835 temporibus,
971 784 1098 835 regno
1131 779 1289 822 Scociae
1320 784 1365 822 et
1395 779 1584 835 ejusdem
1614 780 1781 835 regibus
1810 780 1857 822 in

354 837 657 892 temporalibus
688 837 878 893 ejusdem
900 836 1014 880 ante⁷
1035 838 1212 880 annexis
1242 838 1525 892 praefuerunt3
1554 841 1597 880 et
1617 838 1669 880 ab
1699 837 1858 880 eisdem

353 895 523 950 regibus
544 899 587 937 et
605 909 733 951 regno
758 895 927 946 Scociae,
946 899 990 938 et
1009 895 1200 951 ejusdem
1218 895 1338 951 regni
1366 895 1620 950 proceribus,
1640 895 1682 937 a⁸
1700 895 1856 951 quibus

354 951 509 995 habere
547 953 760 1004 volebant,
793 953 835 996 le
867 954 905 995 ‘a
942 953 1139 1009 homagia
1178 956 1221 995 et
1259 953 1479 996 fidelitatis
1513 954 1756 1009 juramenta
1792 967 1856 996 re-

352 1014 565 1065 ceperunt.
624 1011 682 1053 Et
696 967 970 1066 talitergljuris
985 1016 1029 1053 et
1043 1011 1221 1053 dominii
1235 1011 1544 1066 possessionem
1559 1011 1857 1054 continuantes

352 1067 611 1123 hujusmodi,
630 1083 705 1124 pro
724 1073 914 1124 tempore
943 1072 1086 1111 nostro
1116 1069 1263 1111 eadem
1281 1073 1371 1110 tam
1391 1082 1416 1110 a
1435 1083 1530 1124 rege
1551 1069 1708 1111 Scociae
1728 1083 1857 1124 quam

351 1126 440 1168 ab¹⁰
453 1127 588 1182 ipsius
604 1127 723 1182 regni
736 1126 977 1182 proceribus
992 1126 1274 1182 recepimus.¹l
1333 1126 1604 1181 Quinymmo,
1617 1130 1737 1169 tanta
1746 1127 1855 1182 juris

352 1188 396 1226 et
410 1184 590 1226 dominii
604 1184 913 1241 praerogativa¹²
927 1198 1054 1239 super
1073 1198 1250 1240 regnum
1271 1184 1427 1226 Scociae
1440 1188 1482 1226 et
1498 1185 1535 1240 ej
1540 1184 1689 1226 usdem
1703 1184 1854 1239 reges¹³3

353 1242 642 1297 gaudebant‚¹⁴
656 1242 770 1297 quod
789 1254 966 1297 regnum
981 1242 1090 1284 illud
1105 1242 1176 1284 cui
1190 1242 1389 1284 volebant
1408 1241 1526 1284 hiis¹⁶
1545 1242 1740 1284 fidelibus
1757 1255 1856 1284 con-

352 1300 545 1341 ferebant
557 1315 568 1352 ;
600 1313 718 1355 reges
749 1300 894 1350 eciam,
924 1313 1069 1342 eorum
1098 1314 1151 1342 ex
1180 1300 1320 1342 causis
1345 1300 1486 1355 justis,
1516 1300 1781 1350 amovebant,
1812 1303 1855 1342 et

352 1356 459 1399 alios
488 1357 580 1399 loco
610 1371 755 1400 eorum
785 1358 864 1400 sub
894 1371 939 1400 se
965 1371 1082 1413 reges
1111 1363 1356 1412 regnaturos
1385 1358 1723 1400 constituebant:
1758 1371 1854 1412 quae

345 1415 445 1470 jura
465 1418 507 1457 et
526 1414 773 1471 privilegii¹⁶
791 1416 1067 1471 praerogativa
1086 1415 1366 1471 proculdubio
1388 1415 1440 1457 ab
1460 1415 1648 1470 antiquis
1675 1414 1854 1457 notata¹⁷

351 1473 526 1515 fuerunt
545 1476 589 1515 et
608 1473 824 1525 existunt;
856 1473 960 1515 licet
979 1472 1097 1515 aliud
1116 1473 1223 1515 forte
1243 1473 1431 1528 paternis
1451 1473 1623 1515 auribus
1643 1486 1719 1527 per
1737 1473 1854 1527 pacis

352 1530 527 1573 aemulos
548 1534 592 1573 et
610 1530 867 1573 rebellium²⁸
878 1530 988 1572 filios
1008 1530 1137 1573 fuerit
1157 1530 1264 1573 falsa
1283 1530 1574 1573 insinuacione
1590 1535 1854 1586 suggestum:

353 1602 535 1643 quorum
564 1588 844 1630 machinosa¹⁹
858 1592 902 1631 et
932 1588 1195 1644 ymaginaria
1224 1589 1427 1644 figmenta
1452 1593 1594 1631 vestra
1622 1587 1854 1643 prudencia

354 1659 599 1701 quaesumus
619 1649 876 1701 aspernetur.

410 1703 660 1759 Sequntur²⁰
679 1704 868 1746 raciones
887 1704 1182 1760 persuasionis.
1241 1704 1386 1746 Prima
1404 1704 1517 1746 racio
1538 1707 1626 1747 est:
1660 1704 1785 1755 Nam,
1805 1704 1854 1746 in

348 1761 613 1817 temporibus
634 1761 737 1804 Heli
756 1766 801 1804 et
820 1761 1031 1805 Samuelis
1051 1762 1363 1817 prophetarum,
1382 1762 1449 1804 vir
1469 1762 1643 1817 quidam
1658 1765 1855 1804 strenuus

350 1823 394 1861 et
423 1819 615 1875 insignis,
635 1819 807 1862 nomine
837 1820 1008 1870 Brutus,
1028 1820 1081 1862 de
1109 1833 1259 1876 genere
1289 1820 1575 1875 Trojanorum,
1603 1819 1650 1861 in
1670 1820 1855 1874 quadam

350 1877 494 1919 insula
508 1891 534 1919 a
544 1877 787 1933 gigantibus
803 1877 906 1920 olim
921 1877 1171 1928 inhabitata,
1187 1877 1348 1920 Albion
1362 1881 1522 1928 vocata,
1538 1877 1670 1919 classe
1686 1877 1856 1932 copiosa

352 1935 572 1990 applicuit.
634 1935 800 1986 Quibus
827 1935 1071 1991 gigantibus
1091 1949 1169 1977 sua
1195 1939 1239 1978 et
1259 1948 1432 1977 suorum
1451 1934 1629 1977 devictis
1658 1934 1854 1990 potencia

351 1992 550 2035 similiter
583 1996 627 2036 et
661 1993 823 2043 occisis,
857 1993 1037 2035 eandem
1074 1992 1245 2048 patria2¹
1278 1993 1450 2035 nomine
1490 2006 1566 2035 suo
1606 1992 1855 2042 Britaniam,

349 2051 569 2106 sociosque
588 2064 687 2093 suos
706 2051 915 2102 Britones,
938 2051 1230 2106 nuncupavit3
1258 2050 1335 2093 et22
1355 2050 1575 2093 civitatem
1605 2049 1855 2105 quandam23

350 2122 550 2164 magnam
570 2122 699 2164 quam
718 2108 1019 2151 Trinovantem
1047 2112 1152 2151 tunc
1172 2108 1422 2161 nominavit,
1443 2122 1559 2151 nunc
1579 2112 1724 2150 autem
1743 2108 1853 2150 Lon-

350 2166 554 2217 doneas,2⁴
573 2166 822 2209 fabricatam
850 2166 1105 2222 appellando
1134 2166 1371 2208 aedificavit.
1430 2166 1488 2208 Et
1515 2170 1662 2221 postea
1689 2166 1852 2209 dictum

349 2237 529 2279 regnum
557 2225 695 2267 tribus
721 2224 822 2267 filiis
851 2225 940 2267 suis
969 2228 1068 2280 post
1087 2238 1132 2266 se
1151 2224 1388 2279 regnaturis
1408 2223 1638 2266 dividendo
1667 2223 1850 2279 reliquit,

348 2282 427 2324 viz.
464 2282 683 2333 Lotrino,²⁶
711 2282 992 2339 primogenito
1026 2296 1115 2333 suo,
1148 2282 1270 2324 illam
1302 2285 1467 2337 partem
1501 2282 1703 2324 Britaniae
1736 2293 1850 2323 nunc

409 2404 418 2427 ¹
440 2406 477 2439 O.
495 2406 533 2439 E.
552 2409 633 2440 omit
648 2418 728 2440 non.
871 2405 885 2428 ²
901 2407 941 2441 Β.
960 2407 997 2441 C.
1017 2407 1059 2440 D.
1077 2407 1118 2440 Ε.
1138 2407 1290 2440 omnino.
1432 2404 1447 2428 ³
1463 2406 1500 2441 O.
1519 2407 1559 2440 E.
1578 2406 1767 2449 Inspector.

415 2450 429 2473 4
446 2453 489 2485 D.
510 2454 639 2487 altered
654 2455 740 2487 later
755 2457 788 2487 to
805 2456 931 2488 vestro.

410 2496 426 2519 ⁶
441 2499 483 2532 Β.
502 2499 539 2535 O.
558 2501 600 2533 D.
622 2501 661 2535 Ε.
680 2501 813 2534 scrineo
836 2500 1022 2534 memoriae.
1073 2501 1119 2534 In
1142 2500 1184 2534 D.
1203 2500 1257 2534 the
1273 2511 1290 2534 s
1306 2500 1348 2542 of
1361 2500 1495 2534 scrineo
1511 2501 1540 2532 is
1554 2500 1719 2533 rewritten
1745 2499 1840 2539 later,

350 2545 423 2579 and
438 2556 494 2579 me
510 2547 553 2588 of
561 2548 734 2580 memoriae
749 2558 854 2581 comes
870 2552 907 2580 at
926 2548 977 2581 the
994 2547 1059 2581 end
1074 2548 1149 2590 osa
1165 2548 1240 2581 line.

413 2591 428 2614 θ
444 2593 484 2626 Β.
504 2592 542 2626 C.
560 2593 600 2626 Ε.
619 2593 744 2627 directi
759 2594 915 2627 dominii.
1429 2591 1445 2615 ⁷
1462 2593 1498 2627 C.
1517 2593 1557 2626 Ε.
1576 2602 1665 2626 cum.

411 2638 427 2661 ⁸
443 2639 481 2673 Ο.
499 2640 538 2674 Ε.
558 2642 638 2673 omit
654 2651 684 2674 a.
865 2638 880 2661 ⁹
897 2641 933 2674 G.
951 2640 990 2673 Ε.
1003 2641 1052 2674 Et
1067 2651 1131 2673 nos
1148 2640 1317 2673 similiter.
1413 2638 1442 2661 ¹⁰
1458 2640 1495 2674 G.
1509 2639 1549 2672 E.
1566 2640 1646 2672 omit
1662 2638 1717 2674 ab.

396 2685 426 2708 11
441 2686 478 2720 C.
497 2686 537 2720 E.
555 2686 757 2720 retinemus.
852 2684 882 2708 ¹²
896 2687 935 2720 B.
954 2687 1184 2730 prorogativa.
1412 2685 1440 2707 ¹³
1457 2686 1494 2720 O.
1511 2686 1611 2729 regis.

393 2731 423 2755 ¹⁴
438 2734 476 2767 G.
497 2734 537 2766 E.
556 2733 742 2767 audebant.
851 2732 879 2755 ¹⁵
897 2734 933 2767 O.
952 2733 991 2768 E.
1010 2734 1092 2767 suis.
1410 2731 1439 2754 ¹⁰
1454 2733 1492 2766 B.
1510 2732 1701 2776 privilegia.

395 2779 423 2803 ¹⁷
441 2780 478 2815 O.
497 2781 538 2814 Ε.
556 2780 701 2814 notoria.
849 2778 877 2801 ¹⁸
894 2780 932 2813 Ο.
950 2780 991 2813 Ε.
1008 2780 1186 2813 rebellum.
1411 2777 1439 2800 ¹⁹
1455 2780 1491 2813 Ο.
1509 2779 1694 2814 machiosa.

394 2826 425 2849 ²⁰
439 2828 482 2861 D.
500 2827 675 2871 Sequitur.
846 2825 875 2848 ²¹
891 2827 930 2860 B.
949 2827 1097 2870 proprio.
1148 2827 1185 2860 G.
1205 2827 1247 2860 D.
1265 2827 1305 2861 Ε.
1323 2826 1485 2869 patriam.

395 2872 425 2896 ²²
442 2875 479 2910 C.
494 2875 537 2908 D.
554 2875 594 2908 Ε.
613 2885 662 2908 ac.
844 2871 873 2895 ²3
889 2874 928 2907 B.
947 2874 983 2908 Ο.
1003 2874 1044 2906 D.
1063 2874 1102 2908 Ε.
1122 2875 1204 2907 omit
1220 2873 1406 2918 quandam.

393 2919 422 2943 ²⁴
440 2922 477 2956 C.
497 2921 744 2955 Laudenencis.
794 2920 834 2954 Ε.
853 2920 1103 2955 Londonencis.
1410 2918 1438 2942 2⁵
1454 2920 1493 2954 B.
1513 2920 1554 2955 D.
1574 2921 1730 2955 Locrino.
