2014 3354
659 311 878 343 APPENDIX
898 310 950 342 To
972 310 1173 342 PREFACE.
1548 301 1671 342 xxvii

159 421 226 462 De
246 419 454 461 eleccione
475 417 680 461 Gathelos
700 418 747 459 in
766 431 919 473 regem,
935 420 978 459 et
998 417 1089 471 ejus
1109 415 1374 471 profeccione
1389 430 1537 458 versus
1558 417 1668 459 occi-

278 486 459 527 dentem.
1236 481 1492 537 OEamtulum
1511 482 1586 525 xii.

159 586 226 628 De
254 589 443 640 tempore
473 599 557 640 quo
592 584 826 627 stacionem
845 583 946 626 fecit
980 583 1028 624 in
1056 582 1218 626 Affrica
1238 582 1453 634 Gathelos‚
1475 587 1518 626 et
1540 597 1666 626 causa

275 665 359 707 qua
378 651 515 706 primo
534 651 655 693 venit
674 650 721 691 in
742 650 1010 705 Hispaniam.
1235 648 1491 703 OEapitulum
1510 649 1605 693 xiii.

161 744 229 785 De
249 757 376 785 causa
395 743 463 785 sui
481 755 669 785 recessus
690 755 742 784 ex
763 741 950 797 AEgipto,
973 742 1209 783 secundum
1229 741 1449 797 quosdam.

1238 807 1491 862 OEapitnlnm
1510 805 1623 850 xiiii.

164 901 356 952 Qualiter
374 901 555 956 primam
576 900 764 955 optinuit
784 899 929 942 sedem
949 900 996 941 in
1018 901 1231 956 Hispania
1252 900 1469 943 Gathelos.

1235 966 1491 1021 OEapitnlnm
1512 971 1574 1010 κὴ.

348 1058 421 1092 Pro
437 1059 510 1092 salo
530 1059 583 1103 (ib.
602 1070 635 1102 p.
658 1060 710 1099 14,
730 1058 751 1092 l.
772 1057 831 1102 32)
850 1058 923 1091 sole
940 1058 1070 1100 leyitur.

162 1147 363 1202 Sequitur
397 1148 448 1190 de
484 1148 687 1190 continua
722 1147 835 1189 caedc
871 1161 1045 1188 suorum
1081 1147 1240 1188 ibidem
1270 1148 1479 1202 gencium,
1500 1150 1672 1202 propter

277 1214 391 1269 quod
412 1215 694 1270 exploratores
715 1228 790 1269 pro
811 1214 934 1255 terris
963 1214 1227 1269 requirendis
1262 1214 1309 1255 in
1344 1228 1498 1255 oceano
1534 1218 1670 1256 trans-

277 1281 420 1334 misit3
449 1286 492 1323 et
512 1281 695 1336 qualiter
714 1281 761 1321 in
780 1284 902 1335 perta
922 1280 1106 1334 quadam
1127 1280 1269 1322 insula
1289 1281 1533 1323 redierunt.1

1234 1346 1489 1400 &apitnlnm
1509 1346 1591 1390 xni.

163 1438 365 1494 Sequitur
385 1439 437 1481 de
457 1439 615 1489 eodem,
637 1442 680 1480 et
701 1438 942 1480 exhortacio
963 1438 1147 1480 ffliorum
1166 1442 1216 1480 ut
1238 1439 1289 1480 ad
1312 1439 1470 1481 dictam
1487 1438 1671 1480 insulam

278 1505 453 1547 adirent.
1234 1504 1491 1559 OEapitnlum
1511 1504 1611 1549 xnii.

350 1598 423 1631 Pro
440 1597 602 1641 Legenda
622 1598 676 1639 (ib.
696 1608 728 1640 p.
752 1599 804 1637 16,
822 1597 843 1630 l.
866 1598 921 1639 18)
941 1598 1223 1639 leynam—Item
1247 1599 1411 1642 Legenda
1428 1599 1547 1632 Sancti
1565 1599 1671 1632 Bren-

396 1653 487 1686 dani.

350 1708 422 1742 Pro
438 1708 644 1752 Hyberiam,
665 1708 874 1751 Hesperiam
893 1709 946 1749 (ib.
968 1708 989 1742 l.
1009 1709 1066 1750 29)
1086 1709 1303 1751 Hiberniam,
1322 1709 1597 1753 Hespernellam.

163 1789 364 1844 Sequitur
376 1789 557 1844 qualiter
571 1789 718 1839 Hiber,
732 1789 843 1831 filius
858 1788 1044 1839 Gatheli,
1060 1789 1217 1832 dictam
1231 1790 1472 1845 ingrediens
1486 1790 1668 1832 insulam

277 1856 475 1910 optinuit,
498 1860 540 1897 et
561 1855 612 1897 de
634 1856 805 1897 nomine
827 1869 903 1897 suo
925 1855 1172 1898 nominavit.

1235 1921 1489 1976 capitulum
1509 1922 1629 1966 xniii.

163 2014 364 2069 Sequitur
383 2014 434 2056 de
454 2014 538 2055 hiis
559 2028 655 2068 quae
678 2013 824 2055 doctor
844 2014 1051 2055 Ysidorus
1072 2018 1115 2056 et
1134 2015 1389 2057 venerabilis
1411 2015 1526 2057 Beda
1542 2015 1670 2070 scrip-

277 2084 423 2123 serunt
443 2081 495 2122 de
515 2081 631 2122 dicta
650 2080 792 2122 insula
815 2081 1043 2122 Hiberniae.
1239 2080 1494 2134 OEapitulum
1514 2081 1596 2125 xix.

164 2172 365 2227 Sequitur
385 2172 436 2214 de
457 2173 613 2226 quibus
633 2172 798 2227 legibus
819 2172 1027 2227 populum
1049 2186 1176 2214 suuni
1196 2172 1414 2214 instruxit.

1234 2237 1488 2292 capitulum
1508 2251 1571 2282 xx.

349 2330 422 2363 Pro
438 2329 604 2362 Pirreniis
623 2330 676 2371 (ib.
695 2340 728 2372 p.
751 2330 804 2370 18,
823 2329 845 2362 l.
866 2330 923 2371 32)
942 2329 1090 2373 petrosis
1108 2329 1236 2371 leyitur.

163 2410 365 2465 Sequitur
384 2410 436 2452 de
457 2410 720 2452 successione
741 2410 820 2451 filii
840 2410 1045 2452 Gathelos
1066 2410 1204 2452 Hiber
1223 2411 1266 2452 in
1289 2425 1429 2467 regem
1451 2412 1672 2454 Scotorum

279 2482 375 2532 post
396 2482 574 2519 mortem
595 2478 726 2532 patris
747 2478 794 2518 in
814 2477 1027 2532 Hispania
1047 2477 1309 2532 degencium.

1241 2543 1500 2599 OEapitnlnm
1520 2544 1603 2589 xxi.

349 2637 433 2670 Post
445 2636 632 2670 incolatam
648 2636 701 2678 (ib.
720 2647 753 2680 p.
776 2637 829 2676 19,
846 2635 868 2669 l.
891 2636 946 2678 17)
965 2638 1011 2670 εἰσ
1029 2637 1353 2679 leynam—Quibus
1378 2638 1486 2672 eciam
1503 2637 1673 2671 fratribus

394 2692 464 2725 illie
481 2693 556 2725 sine
572 2692 663 2725 bello
681 2692 829 2735 receptis
843 2704 851 2730 ;
877 2692 1089 2724 Hermonius
1104 2703 1197 2733 vere,
1212 2693 1348 2726 duobus
1362 2693 1529 2726 fratribus
1541 2693 1672 2725 ibidem

394 2748 535 2790 relictis,
571 2750 608 2781 et
648 2747 780 2780 dictam
811 2750 942 2780 terram
974 2747 1117 2790 pacifice
1155 2749 1415 2791 occupantibus,
1450 2749 1495 2781 ad
1523 2752 1668 2792 patrem,

393 2807 450 2836 ecc.

206 2914 218 2935 ¹
237 2916 320 2948 This
338 2917 407 2949 and
423 2917 484 2950 the
500 2917 694 2960 remaining
709 2916 807 2950 titles
825 2927 883 2949 are
899 2916 961 2949 the
986 2916 1121 2949 rubrics
1143 2917 1260 2950 which
1285 2918 1367 2960 only
1384 2928 1464 2950 now
1488 2929 1615 2960 appear
1632 2920 1670 2950 at

158 2962 219 2995 the
236 2963 325 2995 head
343 2964 378 2996 of
394 2964 456 2996 the
473 2964 644 3006 chapters.
