2008 3360
380 305 463 344 366
889 314 1015 345 LIBER
1034 313 1388 346 PLusCAnnENffls.

374 422 564 473 tempore
593 421 714 461 erant
746 418 907 461 domini
940 418 1209 472 parliamenti
1243 418 1503 469 Parisiensis,
1537 419 1590 461 de
1622 419 1735 463 dicta
1768 419 1871 463 villa

377 476 604 518 Parisiensi
623 476 784 531 fugati;
817 475 893 530 qui
921 489 1019 517 eum
1042 476 1096 517 ad
1115 475 1347 518 tenendum
1374 476 1592 531 inceptum
1610 478 1871 532 propositum

377 534 550 575 omnino
570 533 926 575 consultaverunt.
986 532 1069 575 Sed
1088 533 1323 575 misericors
1352 536 1395 575 et
1414 533 1633 576 miserator
1650 534 1872 586 Dominus,

375 590 559 645 paciens,
588 590 855 645 longanimus
889 593 933 632 et
965 590 1151 632 multum
1180 590 1426 642 misericors,
1460 591 1536 646 qui
1567 591 1696 633 habet
1729 593 1871 635 oculos

376 661 475 690 suos
495 661 622 702 super
645 648 784 702 justos
804 652 847 690 et
866 661 987 690 aures
1007 648 1098 703 ejus
1119 661 1284 703 semper
1302 648 1356 690 ad
1374 662 1518 704 preces
1538 662 1692 699 eorum,
1711 649 1871 693 habens

376 705 511 747 eciam
539 704 710 746 vultum
738 718 864 747 suum
893 718 1019 760 super
1049 705 1249 748 facientes
1278 705 1402 757 mala,
1429 709 1480 748 ut
1507 706 1656 772 perdat
1681 706 1733 749 de
1761 710 1872 749 terra

376 762 621 804 memoriam
650 776 805 813 eorum,
825 763 1043 805 exaudivit
1071 777 1215 818 preces
1245 763 1347 818 ejus,
1374 766 1417 805 et
1444 763 1563 806 misit
1592 764 1631 806 ei
1662 764 1870 807 auxilium

375 819 428 862 de
457 823 625 862 sancto.
655 820 948 863 transmittens
977 821 1016 863 ei
1042 834 1172 862 unam
1201 820 1409 872 ancillam,
1438 821 1645 876 virginem
1672 821 1871 887 puellam,

374 877 567 919 omnium
596 881 881 920 creaturarum
909 881 1008 921 ante
1026 877 1106 921 hoc
1125 878 1501 933 pusillanissimam
1522 882 1564 921 et
1593 879 1747 934 spiritu
1766 893 1869 935 pau-

373 934 611 989 perrimam,
641 948 810 1001 corpore
840 935 973 978 eciam
1002 936 1198 991 exiguam
1227 939 1270 978 et
1298 936 1511 991 pusillam,
1530 936 1697 991 coelitus
1726 941 1870 979 tamen

373 992 566 1034 edoctam
596 996 639 1034 et
666 992 929 1044 instructam,
949 1007 998 1036 ac
1028 993 1189 1049 Spiritu
1219 993 1384 1045 Sancto,
1413 1007 1438 1036 a
1467 1007 1551 1049 quo
1580 994 1637 1035 et¹
1658 998 1752 1037 acta
1780 995 1871 1050 ejus

371 1050 553 1104 probant
581 1050 786 1105 inspirata
813 1051 908 1101 fuit,
929 1051 1170 1102 animatam,
1190 1051 1428 1093 consultam
1457 1055 1499 1093 et
1519 1051 1746 1105 directam3
1774 1066 1868 1107 quae

372 1107 426 1149 ab
446 1107 614 1150 insidiis
633 1109 829 1150 omnibus
849 1108 1118 1151 inimicorum
1138 1109 1330 1151 omnium
1351 1109 1549 1152 liberavit
1568 1122 1677 1160 eum,
1698 1113 1741 1152 et
1770 1123 1868 1152 con-

372 1164 500 1207 clusit
525 1165 573 1207 in
601 1179 752 1208 manus
781 1165 958 1217 inimici,
977 1171 1021 1209 et
1046 1166 1255 1208 dominati
1283 1170 1385 1208 sunt
1413 1180 1557 1208 eorum
1586 1167 1660 1221 qui
1689 1167 1868 1209 oderunt

373 1235 453 1265 eos.
511 1222 579 1265 De
599 1223 719 1278 cujus
739 1223 938 1275 adventu,
957 1227 1000 1266 et
1019 1223 1071 1266 de
1090 1223 1353 1266 mirabilibus
1373 1224 1567 1278 operibus
1587 1225 1690 1278 ejus,
1710 1224 1868 1267 declar-

371 1280 514 1322 abitur
532 1280 586 1322 ad
604 1280 776 1336 longum
797 1281 844 1323 in
864 1281 1148 1336 sequentibus.
1209 1281 1418 1324 Caeterum
1438 1281 1490 1323 de
1510 1282 1742 1331 nobilitate,
1761 1282 1865 1324 vali-

370 1337 520 1380 tudine
535 1341 579 1380 et
598 1337 866 1381 strenuitate2
881 1338 1006 1380 dictae
1026 1338 1210 1380 civitatis
1229 1338 1539 1380 Aurilianensis
1554 1352 1640 1381 non
1656 1339 1779 1381 debet
1798 1353 1869 1381 cor

371 1394 513 1437 nobile
537 1398 580 1437 et
599 1395 734 1437 altum
762 1395 810 1437 in
838 1396 1097 1438 oblivionem
1116 1395 1339 1438 dimittere.
1398 1396 1511 1438 Nam
1539 1396 1635 1451 ipsi,
1653 1397 1866 1438 unanimi-“²

370 1465 588 1503 consensu,
608 1453 920 1495 considerantes
949 1453 1170 1495 dominum
1199 1467 1324 1495 suum
1353 1453 1504 1495 ducem
1522 1453 1864 1496 Aur-ilianensem

369 1509 416 1551 in
444 1510 640 1552 manibus
670 1524 814 1552 eorum
843 1510 1094 1553 existentem
1127 1524 1153 1552 a
1183 1515 1370 1565 tempore
1398 1510 1502 1552 belli
1531 1511 1582 1552 de
1603 1510 1866 1565 Agentcourt

368 1567 673 1610 incarceratum
704 1572 748 1610 et
781 1568 1009 1634 captivum,
1043 1568 1212 1623 publice
1248 1568 1498 1623 proclamari
1527 1568 1718 1610 fecerunt
1751 1568 1865 1634 quod

368 1638 518 1666 aurum
538 1629 582 1667 et
601 1629 821 1680 argentum
840 1625 888 1667 in
915 1625 1102 1667 maxima
1120 1625 1416 1667 habundancia
1444 1625 1692 1677 habuerunt,
1713 1630 1757 1668 et
1775 1626 1864 1668 vic—

325 1727 328 1730 ,
367 1682 501 1724 tualia
520 1685 563 1725 et
582 1695 698 1724 arma
717 1686 806 1724 tam
825 1682 1037 1724 invasiva*
1056 1682 1109 1724 ad
1128 1682 1440 1738 plenitudinem
1459 1697 1535 1738 pro
1556 1683 1719 1725 duobus
1740 1684 1864 1726 annis

366 1739 522 1782 futuris
550 1753 626 1794 pro
655 1739 820 1782 duobus
848 1738 1039 1782 millibus
1068 1744 1348 1793 armatorum3
1377 1743 1420 1783 et
1451 1740 1575 1796 quod,
1605 1741 1862 1796 quicumque

366 1797 528 1840 nobiles
559 1801 603 1839 et
635 1797 757 1852 probi
785 1798 1081 1841 armidoctores
1110 1811 1155 1840 se
1187 1797 1349 1840 vellent
1381 1797 1435 1840 ad
1466 1812 1610 1840 eorum
1644 1798 1862 1841 civitatem

366 1854 673 1898 defendendam
702 1869 800 1898 cum
831 1855 892 1897 eis
920 1858 1084 1911 partem
1115 1869 1272 1911 capere,
1302 1869 1436 1910 usque
1466 1855 1521 1897 ad
1549 1859 1725 1898 mortem
1755 1870 1862 1911 prze—

365 1912 524 1955 dictam
544 1912 760 1955 civitatem
787 1912 1087 1966 defenderent3
1116 1917 1159 1955 et
1186 1913 1233 1954 in
1272 1913 1525 1963 continente,
1554 1913 1601 1955 in
1634 1917 1860 1968 conspectu

365 1970 557 2012 omnium
585 1970 755 2026 publice
784 1970 940 2025 apertis
968 1970 1176 2013 thesauris
1204 1970 1330 2021 villae,
1358 1970 1561 2026 granariis
1591 1973 1634 2013 et
1662 1971 1859 2022 tabernis,

364 2028 520 2071 eversis
551 2027 676 2070 doliis
700 2032 744 2070 et
772 2028 916 2070 fundis
942 2028 1153 2078 extractis,
1166 2028 1279 2078 vina,
1307 2041 1446 2083 grana,
1466 2042 1610 2071 carnes
1639 2032 1682 2071 et
1710 2028 1859 2083 pisces,

363 2099 412 2128 ac
427 2085 570 2128 omnia
588 2085 671 2127 alia
690 2090 779 2128 tam
792 2085 994 2128 victualia
1008 2086 1206 2141 gentibus
1226 2099 1436 2128 armorum
1456 2085 1546 2128 sine
1561 2086 1700 2141 precio
1715 2090 1859 2141 aperta

362 2146 492 2186 erant.
543 2143 636 2194 Quo
651 2143 807 2194 audito,
822 2142 1081 2198 supervenit⁵
1096 2147 1351 2185 armatorum
1366 2143 1724 2185 nobilissimorum
1738 2147 1858 2186 tanta

361 2201 493 2256 copia,
523 2201 637 2256 quod
666 2200 880 2256 elegerunt
909 2200 1040 2243 bonos
1069 2201 1116 2242 in
1143 2214 1245 2243 vasa
1278 2201 1383 2251 sua‚⁶
1410 2200 1542 2243 malos
1572 2205 1716 2243 autem
1746 2201 1856 2243 foras

361 2259 579 2301 miserunt.
639 2258 756 2310 Quae,
790 2258 906 2301 omni
937 2258 1005 2301 die
1039 2258 1248 2308 salientes,
1278 2258 1326 2299 in
1363 2272 1508 2301 eorum
1539 2258 1734 2301 inimicos
1767 2262 1855 2301 tam

362 2316 575 2359 crudelem
603 2319 786 2371 stragem
809 2316 1010 2367 fecerunt,
1029 2315 1293 2373 fugaverunt,
1321 2316 1575 2367 occiderunt,
1595 2321 1639 2358 et
1667 2316 1855 2371 captivos

360 2373 408 2414 in
426 2373 574 2416 villam
600 2374 827 2425 duxerunt,
847 2374 961 2429 quod
986 2387 1072 2425 rex,
1101 2373 1191 2416 haec
1220 2372 1407 2424 audiens,
1435 2377 1600 2416 tantam
1629 2373 1855 2416 consolaci-

361 2444 485 2473 onem
514 2436 558 2473 et
583 2431 936 2474 confortacionem
964 2431 1011 2473 in
1040 2445 1084 2474 se
1113 2430 1285 2486 accepit,
1305 2431 1419 2486 quod
1438 2445 1491 2474 ex
1519 2431 1593 2473 illa
1611 2430 1714 2473 hora
1739 2430 1854 2472 omni

360 2487 442 2538 die,
461 2488 513 2530 de
534 2488 601 2530 die
620 2489 667 2530 in
686 2487 828 2540 diem!
842 2489 889 2530 in
908 2489 1031 2532 corde
1044 2489 1269 2544 ⁴magnifice
1288 2488 1561 2541 reconvaluit,
1580 2502 1628 2531 ac
1648 2488 1709 2531 eis
1727 2487 1852 2530 liber-

359 2548 493 2587 tatem
525 2549 773 2600 perpetuam
803 2547 971 2589 eosdem
1009 2545 1272 2588 nobilitando
1305 2546 1521 2589 concessit.
1580 2547 1638 2588 Et
1675 2546 1735 2588 sic
1768 2545 1851 2587 hiis

360 2603 509 2645 diebus
528 2603 729 2657 praedicta
747 2603 902 2658 puella,
918 2618 943 2646 a
963 2604 1125 2660 Spiritu
1145 2604 1299 2647 Sancto
1319 2604 1513 2656 excitata,
1528 2604 1583 2646 ad
1596 2602 1852 2646 veniendum

359 2660 447 2715 regi
466 2663 725 2715 praeceptum
745 2661 916 2715 accepit.

421 2804 432 2826 ¹
451 2803 488 2839 G.
510 2803 548 2836 E.
566 2804 616 2835 ut.
851 2799 866 2821 ²
881 2801 919 2835 G.
938 2802 977 2836 Ε.
996 2803 1069 2836 add
1085 2803 1225 2836 civium.
1327 2801 1342 2823 ³
1358 2802 1395 2835 O.
1417 2802 1458 2835 D.
1476 2801 1515 2834 E.
1535 2801 1706 2835 unanimo.

420 2851 434 2873 4
451 2851 490 2885 E.
509 2849 598 2883 adds
614 2858 718 2891 quam
735 2847 922 2882 defensiva.
1324 2847 1339 2869 ⁵
1356 2849 1393 2882 C.
1412 2849 1453 2882 D.
1472 2848 1511 2881 E.
1530 2849 1602 2881 add
1617 2849 1675 2882 eis.

420 2899 435 2921 ὓ
451 2899 489 2932 Β.
507 2897 544 2930 O.
563 2896 604 2929 D.
624 2895 664 2929 E.
684 2894 773 2928 vasis
789 2894 870 2928 suis.
1323 2893 1336 2917 ⁷
1354 2896 1390 2928 O.
1409 2895 1448 2928 E.
1467 2895 1540 2928 add
1556 2895 1679 2928 animis
1695 2907 1822 2929 eorum.
