2014 3354
672 294 893 327 APPENDIX
912 295 966 327 Το
987 295 1189 327 PREFAGE.
1583 285 1693 327 xlvii

174 401 379 456 Sequitur
398 400 451 444 de
475 401 637 453 eodem,
657 405 702 444 et
721 401 934 458 quomodo
953 402 1074 445 Deus
1093 400 1327 458 flagellavit
1347 414 1456 444 eum.

590 475 595 478 ’
1259 466 1515 523 Ωῑιψὶῒηῑηυῑ
1533 466 1629 511 xlii.

173 559 378 615 Sequitur
397 559 449 602 de
470 559 619 602 eodem
648 562 693 603 et
725 559 910 615 qualiter
938 560 985 602 in
1015 559 1214 602 omnibus
1235 558 1503 602 oracionibus
1523 572 1691 615 semper

288 626 470 669 vacavit.
1259 624 1516 681 OEapitnlunt
1534 624 1647 670 xliii.

173 718 377 774 Sequitur
408 719 460 762 de
495 719 657 770 eodem,
697 722 741 761 et
781 720 995 775 quomodo
1033 720 1273 777 Anglorum
1307 718 1499 775 pericula
1533 718 1690 761 docent

287 786 437 828 Scotos
456 786 585 829 fidem
603 785 775 842 regibus
796 799 962 829 servare
983 790 1028 829 et
1046 786 1308 829 huiusmodi.

1260 850 1515 907 &vitulum
1534 850 1667 896 xliiii.

170 943 377 999 Sequitur
406 944 458 986 de
489 944 666 997 eodem3
695 947 739 987 et
758 944 863 987 feria
883 947 1039 1001 quarta
1058 945 1326 1001 praecedente
1355 948 1537 987 mortem
1565 958 1687 988 suam

287 1010 456 1053 evenire
475 1010 704 1066 praescivit.
1256 1010 1514 1066 etapitnlum
1533 1010 1615 1056 xlh.

170 1102 374 1157 Sequitur
402 1101 455 1144 de
485 1102 646 1155 eodem,
668 1105 712 1145 et
733 1102 785 1145 de
813 1103 906 1158 ejus
936 1116 1055 1145 sacra
1083 1103 1291 1146 unccione
1311 1103 1425 1146 facta
1444 1104 1492 1145 in
1511 1103 1688 1147 civitate

285 1168 480 1221 Oarleali,
499 1169 575 1211 ubi
594 1169 797 1225 spiritum
816 1169 1006 1212 reddidit
1025 1159 1260 1212 Altissimo.

1255 1234 1511 1291 &vitulum
1530 1235 1633 1281 xlhi.

170 1326 374 1382 Sequitur
392 1328 445 1371 de
465 1328 628 1380 eodem,
649 1332 694 1371 et
714 1328 767 1371 de
787 1328 1046 1384 pauperibus
1067 1328 1224 1384 quibus
1243 1328 1444 1371 misertus
1464 1331 1540 1372 est.

1252 1394 1509 1450 OEapitulnm
1528 1394 1648 1439 xlnii.

168 1485 372 1542 Sequitur
391 1487 445 1530 ad
464 1487 549 1530 huc
570 1487 623 1531 de
644 1488 806 1539 eodem,
826 1490 871 1531 et
890 1487 943 1530 de
964 1488 1056 1543 ejus
1086 1487 1268 1544 psalmis
1288 1492 1332 1531 et
1352 1488 1622 1531 oracionibus
1643 1492 1688 1531 et

284 1552 545 1609 hujusmodi.
1255 1553 1514 1609 Qtapimlnm
1531 1554 1671 1599 xlhiii.

354 1637 437 1671 Post
452 1638 617 1672 meditari
634 1638 799 1680 (Fordun,
817 1649 850 1682 p.
870 1639 951 1679 250,
968 1639 991 1672 1.
1011 1640 1046 1680 8)
1063 1638 1133 1673 haec
1148 1639 1271 1673 addita
1286 1643 1366 1672 eunt
1379 1638 1523 1683 :—quia
1545 1641 1687 1683 tempus

401 1705 518 1727 meum
534 1705 643 1738 prope
659 1697 723 1735 est,
741 1696 789 1728 et.

166 1774 371 1830 Sequitur
390 1774 442 1817 de
463 1775 584 1817 exitu
606 1775 760 1817 animae
781 1776 884 1831 ejus.
1252 1774 1511 1830 mapitnlum
1530 1775 1633 1820 xlix.

169 1866 373 1923 Sequitur
392 1866 445 1910 de
465 1866 711 1923 genealogia
730 1866 840 1923 regis
859 1866 1004 1910 David
1024 1880 1078 1910 ex
1098 1869 1218 1923 parte
1237 1867 1381 1923 patris.

1248 1932 1503 1989 OEapiinlum
1523 1933 1554 1978 1.

166 2026 375 2082 Sequitur
392 2025 593 2082 prologus
613 2026 660 2069 in
679 2025 925 2083 genealogia
946 2039 999 2069 ex
1021 2028 1142 2082 parte
1162 2026 1323 2069 matris.

1252 2091 1507 2147 OEapitulnm
1528 2092 1577 2138 li.
1614 2149 1617 2152 Α

164 2184 368 2240 Sequitur
386 2183 632 2241 genealogia
651 2185 745 2240 ejus
766 2198 820 2226 ex
839 2187 961 2241 parte
981 2184 1140 2227 matris,
1245 2182 1500 2238 OEapitnlum
1521 2184 1588 2230 lii.

306 2485 470 2529 LIBRI
502 2484 678 2528 SEXTI
711 2484 1196 2537 QUATUORDECIM
1227 2484 1535 2528 CAPITULA.

161 2579 229 2621 De
248 2577 517 2634 negligencia
535 2591 683 2633 regum
705 2576 864 2620 Scociae
894 2580 937 2619 et
965 2577 1134 2633 Angliae
1163 2577 1425 2633 praemixtim
1445 2577 1681 2620 secundum

277 2644 536 2687 Baldredum
555 2644 755 2687 abbatem
775 2643 958 2686 Rivallis
979 2647 1023 2687 et
1042 2643 1223 2686 aliorum
1245 2647 1448 2687 actorum.

1205 2709 1462 2765 &mitidum
1481 2709 1677 2765 primum.

161 2811 364 2867 Sequitur
413 2810 757 2854 Christianorum
803 2823 953 2866 regum
1001 2809 1170 2866 Angliae
1208 2809 1372 2852 linialis
1412 2810 1679 2864 computacio

276 2878 499 2920 Scotorum
533 2877 699 2933 generis
739 2875 1035 2927 successionis,
1069 2890 1170 2918 cum
1209 2889 1385 2918 suorum
1419 2875 1679 2931 quibusdam

278 2944 409 2999 gestis
439 2943 676 2987 secundum
706 2944 868 2999 scripta
896 2942 1099 2986 Baldredi
1119 2942 1304 2985 Abbatis
1334 2942 1522 2985 breviter
1551 2955 1680 2998 expo-
