2014 3354
738 303 866 335 LIBER
887 302 994 334 SEXT
1000 302 1063 334 US.
1606 296 1629 333 2
1636 296 1659 333 5

151 405 396 451 Alexandro
431 422 541 464 papa
575 408 851 452 eminenciori
881 406 1104 465 privilegio
1139 404 1440 450 corroboratur.
1518 406 1663 450 Αιιιιο1

150 467 329 509 Domini
341 476 394 508 Μ0
405 481 438 510 c.
451 467 585 519 lxxvi,
592 467 767 523 quidam
779 468 986 523 presbiter
997 465 1223 509 cardinalis
1235 466 1463 508 Wivianus
1479 466 1664 517 nomine,
1672 476 1741 500 Ad)-
1759 469 1848 501 1176.

149 525 278 567 titulo
305 526 443 568 sancti
463 526 671 581 Stephani
690 526 737 567 in
757 525 889 569 Caelio
909 525 1072 576 Monte,
1092 524 1334 580 apostolicae
1354 524 1466 567 sedis
1486 524 1664 579 legatus,

138 597 316 639 magnae
328 584 568 626 autoritatis
580 583 818 626 munimine
830 583 1045 635 suffultus,
1059 589 1159 626 ante
1170 583 1423 638 praedictum
1437 582 1665 625 consilium

151 642 340 694 veniens,
364 642 508 684 omnia
535 642 661 684 obvia
690 642 994 692 comminuens,
1024 641 1179 684 dehinc
1207 641 1255 683 in
1285 641 1540 684 Hiberniam
1569 655 1664 696 per-

150 700 273 751 rexit,
291 700 553 755 legacionem
572 700 808 742 functurus.
866 700 1029 742 Eodem
1058 713 1158 742 vero
1187 713 1299 742 anno
1328 699 1442 742 facta
1468 702 1534 742 est
1563 713 1665 741 con-

151 757 293 800 tencio
341 758 454 801 inter
491 758 732 800 Walterum
770 758 969 800 abbatem
1017 758 1291 800 Tironensem
1334 761 1380 800 et
1417 758 1447 800 J
1450 757 1663 800 ohannem

153 815 506 859 Kalcouwensem
544 816 598 858 de
636 816 915 871 subjeccione,
945 815 1043 871 quis
1073 830 1219 858 eorum
1253 815 1486 858 videretur2
1516 816 1663 871 major,

152 887 344 929 quorum,
359 878 410 916 ut
429 873 568 916 adhuc
583 874 794 924 asseritur,
810 874 1045 929 subjudice
1059 874 1114 916 lis
1130 874 1224 917 est.³
1262 874 1531 917 Praemissus⁴
1545 873 1664 916 vero⁵

147 932 387 983 Wivianus,
416 931 592 974 consilio
621 932 669 973 in
698 931 909 974 Hibernia
938 931 1160 982 celebrato,
1180 932 1228 974 in
1258 933 1452 974 Scociam
1481 932 1662 983 rediens,

152 1003 298 1032 omnes
318 989 513 1045 praelatos
541 989 662 1045 regni
691 989 848 1032 Scociae
878 989 991 1044 apud
1013 990 1212 1032 Castrum
1233 990 1479 1033 Puellarum
1509 1004 1664 1033 convo-

151 1047 277 1099 cavit,
297 1052 340 1090 et
368 1047 554 1103 plurima
581 1048 824 1090 renovando
854 1047 1125 1102 antiquorum
1157 1048 1336 1099 decreta,
1367 1052 1410 1090 et
1439 1049 1523 1091 alia
1552 1062 1665 1091 nova

150 1106 326 1161 insuper
344 1105 582 1157 statuendo,
602 1106 829 1148 consilium
846 1105 931 1148 kal.
946 1106 1135 1162 Augusti
1154 1106 1400 1148 solemniter
1419 1106 1660 1149 celebravit.

149 1164 280 1206 Anno
308 1163 515 1219 sequenti,
534 1168 586 1206 ut
613 1164 736 1219 ponit
754 1164 1026 1215 Vincencius,
1041 1167 1215 1207 sauctus
1234 1164 1417 1206 Thomas
1439 1164 1664 1207 Cantuari-

150 1220 283 1264 ensi-‘3⁶
311 1235 337 1264 a
365 1235 476 1278 papa
509 1222 756 1265 Alexandro
786 1222 1061 1265 canonizatus
1092 1226 1167 1265 est.
1227 1222 1327 1264 Hiis
1363 1223 1523 1265 etenim
1554 1227 1664 1264 tem-

150 1279 324 1336 poribus
363 1280 556 1335 quidam⁷
585 1280 763 1323 clericus
802 1280 980 1323 nacione
1018 1280 1227 1336 Anglicus
1272 1280 1327 1323 ad
1370 1280 1663 1336 episcopatum

152 1338 465 1381 Sanctiandreae
485 1342 551 1381 est
577 1339 737 1382 electus
754 1354 764 1392 3
797 1338 868 1382 cui
896 1352 971 1381 rex
989 1339 1236 1381 Willelmus
1256 1339 1503 1390 resistendo,
1523 1339 1663 1394 capel-

151 1395 301 1439 lanum
320 1410 457 1448 suum,
477 1396 765 1439 mediantibus
784 1396 1066 1440 relacionibus
1086 1411 1208 1453 papae
1227 1411 1304 1453 per
1323 1411 1422 1439 eum
1441 1397 1663 1439 transmis-

151 1454 222 1506 sis,
242 1454 477 1497 consecrari
505 1455 553 1497 in
581 1456 828 1512 episcopum
847 1455 1119 1511 impetravit3
1148 1455 1262 1498 unde
1281 1456 1421 1512 gravis
1441 1455 1663 1498 contencio

151 1516 195 1555 et
214 1513 452 1569 periculosa
471 1512 648 1556 divisio⁸
667 1514 851 1557 emersit.

296 1627 512 1684 §nquam-
530 1629 579 1674 hz
599 1628 741 1674 nubili
760 1629 907 1675 dmm
926 1629 1125 1676 OEilhzttc
1143 1629 1295 1684 §tntu
1298 1629 1408 1675 -QI
1431 1642 1523 1675 xxx.

151 1695 389 1761 FIPUD
429 1713 696 1769 praemissum
734 1714 961 1757 consilium
989 1728 1065 1770 per
1092 1728 1234 1770 regem
1272 1714 1511 1771 Anglorum
1550 1713 1665 1769 apud

151 1770 526 1826 Northamptonne
554 1775 736 1823 tentum,
770 1772 1052 1828 praesentibus
1082 1772 1262 1815 Ricardo
1294 1772 1592 1815 Cantuariensi
1621 1775 1665 1815 et

151 1828 313 1884 Rogero
342 1829 599 1872 Eboracensi
633 1806 972 1886 archiepiscopis,
1002 1845 1101 1873 cum
1139 1831 1363 1886 utriusque
1392 1831 1512 1887 regni
1542 1830 1664 1882 clero,

151 1887 326 1942 quidam
347 1887 525 1930 clericus
546 1888 709 1939 Scotus,
730 1889 902 1931 nomine
930 1888 1161 1940 Gilbertus,
1181 1903 1281 1931 cum
1310 1902 1456 1931 eorum
1486 1892 1665 1931 conatus

152 1945 432 2000 subjeccionis
456 1946 644 1989 ecclesiae
675 1942 908 1990 Scoticanae
936 1947 1182 2003 perciperet,
1203 1951 1247 1990 et
1266 1961 1412 1990 eorum
1440 1947 1570 1989 verba
1589 1960 1665 2002 op-

151 2003 380 2058 probriosa,
419 2017 516 2059 quae
554 2004 603 2046 in
642 2005 792 2048 Scotos
840 2009 1109 2057 retorserant,
1149 2005 1353 2057 audierat,
1392 2005 1504 2047 furia
1541 2019 1664 2060 paene

151 2060 385 2116 prolapsus,
405 2061 591 2118 ignitum
609 2062 697 2105 vel⁹
715 2063 874 2106 ferrum
895 2064 1148 2115 excandens,
1168 2063 1257 2106 suis
1287 2063 1438 2106 invitis
1465 2063 1664 2106 omuibus

152 2118 340 2184 praelatis
379 2123 423 2162 et
461 2120 636 2171 clericis,
671 2121 746 2163 sed
785 2122 839 2164 ab
879 2121 1219 2177 archiepiscopis,
1249 2135 1348 2164 eum
1386 2121 1571 2164 stultum
1609 2121 1665 2164 ab

152 2176 283 2219 inicio
312 2178 576 2232 putantibus,
606 2179 830 2222 mouitus1⁰
859 2179 1100 2235 quicquidu
1129 2180 1314 2246 proferre
1345 2178 1517 2222 volebat
1517 2179 1664 2246 ,—qui

154 2234 269 2276 intra
307 2248 353 2277 se
383 2235 632 2287 dicebantff
634 2237 712 2278 ‘In
740 2237 915 2279 naribus
955 2238 1073 2280 Scoti
1101 2237 1423 2304 pipar3p1enus
1452 2242 1518 2280 est
1547 2238 1664 2280 enim

152 2293 467 2344 “sermonibus,
484 2297 527 2335 et
546 2294 742 2337 coartat1²
761 2309 861 2337 eum
881 2295 1057 2350 spiritus
1076 2295 1189 2338 uteri
1207 2295 1299 2348 sui3
1328 2309 1383 2338 cn
1402 2299 1552 2338 venter
1571 2296 1664 2351 cJ'us

151 2350 314 2406 ‘quasi
332 2355 525 2393 mustum
545 2352 704 2407 absque
724 2353 946 2408 spiraculo,
967 2353 1083 2408 quod
1108 2352 1425 2409 1angungulas¹⁸
1444 2367 1577 2396 novas
1598 2354 1663 2396 di-

150 2409 373 2464 “rumpitl
375 2409 691 2465 '—hujusmodi
702 2411 831 2453 verba
843 2425 942 2454 cum
953 2411 1119 2467 impetu
1131 2411 1361 2454 exalavitz‘
1363 2412 1576 2463 Verum,''
1596 2412 1664 2454 in-

151 2467 294 2547 quid,‘
297 2467 349 2509 ‘O
361 2481 464 2523 gens
477 2467 668 2524 Anglica,
680 2468 836 2511 nobilis
849 2469 1011 2520 fuisses,
1023 2483 1170 2525 ymmo
1185 2474 1431 2512 caeterarum
1442 2470 1664 2525 regionum

151 2525 372 2567 “nobilior
391 2526 522 2568 ferme
541 2526 751 2582 gentibus,
767 2527 805 2569 si
825 2540 902 2569 nec
922 2531 1009 2570 tuae
1029 2527 1266 2570 nobilitatis
1285 2528 1538 2584 potenciam,
1557 2531 1664 2570 tuae-

151 2587 273 2638 “que
293 2583 557 2627 fortitudinis
577 2584 817 2627 metuendae
842 2586 979 2636 robur,
999 2585 1226 2629 tirannidis
1254 2586 1302 2628 in
1332 2586 1565 2638 audaciam,
1584 2599 1663 2629 nec

151 2645 311 2683 “tuam
330 2641 517 2685 liberalis
538 2642 732 2685 scienciae
755 2643 1031 2698 prudenciam
1052 2648 1244 2687 versutas
1274 2644 1629 2700 sophisticatam
1616 2658 1664 2686 m

217 2740 229 2762 ²
247 2741 286 2775 C.
305 2742 346 2776 E.
364 2743 438 2776 add
453 2753 546 2777 vero.
689 2742 704 2764 ²
720 2744 758 2777 B.
777 2744 867 2777 adds
882 2755 968 2778 esse.

216 2787 231 2810 ⁸
248 2789 286 2823 C.
304 2789 343 2823 E.
360 2790 444 2823 read
460 2790 574 2824 adhuc
590 2792 632 2824 ut
648 2790 816 2824 asseritur
831 2790 876 2824 lis
894 2794 950 2824 est
965 2791 1128 2825 indecisa.
1311 2790 1325 2813 ⁴¹
1342 2792 1378 2825 C.
1398 2791 1438 2826 E.
1457 2791 1661 2825 Praedictus.

216 2834 232 2857 5
249 2836 287 2870 B.
306 2838 403 2869 omit-3
419 2848 511 2871 vero.
685 2836 700 2859 ⁰
717 2838 754 2872 O.
773 2839 813 2871 E.
832 2839 906 2872 add
921 2838 1210 2882 archiepiscopus.
1309 2837 1323 2860 ⁷
1340 2840 1379 2872 E.
1397 2838 1550 2882 quidem.

218 2881 233 2903 ⁸
250 2883 285 2917 C.
301 2883 440 2917 Romu
457 2884 592 2919 divisio.
686 2883 702 2906 ⁹
717 2886 756 2919 B.
777 2885 884 2919 velut.
1103 2885 1131 2907 ¹⁰
1147 2886 1182 2919 O.
1203 2886 1242 2919 Ε.
1261 2887 1334 2920 add
1349 2889 1386 2920 et
1402 2886 1613 2920 licentiatus.

203 2928 231 2951 ¹¹
249 2931 288 2964 E.
307 2930 503 2975 quicquam.
670 2930 698 2953 ¹²
715 2932 752 2966 B.
771 2935 938 2968 coarctat.

674 2978 703 3001 ¹³
719 2980 758 3014 B.
777 2980 991 3025 lagunculas.
1041 2980 1077 3014 C.
1097 2980 1136 3014 E.
1155 2980 1390 3024 langunculam.
