2008 3360
702 353 828 385 LIBER
848 353 1053 386 OCTAVUS.
1569 346 1587 385 1
1598 345 1645 384 61

143 473 219 515 per
238 458 436 502 officiales
457 461 499 501 et
517 463 688 515 gentem
707 460 852 515 ipsius,
875 464 1021 502 contra
1039 473 1181 515 regem
1200 458 1357 502 Scociae
1376 457 1436 501 et1
1455 458 1651 514 praelatos

145 524 188 560 et
207 518 391 569 clericos,
406 531 455 560 66
475 519 609 560 6616111
628 518 932 560 66616616611666
946 531 1157 573 personas,
1168 517 1383 573 religiosos
1403 515 1589 572 quoque²
1608 520 1653 559 et

144 575 375 626 saeculares,
395 589 473 618 nec
493 590 580 618 non
600 581 644 618 et
663 576 871 627 ecclesias,
890 575 1155 627 monasteria,
1170 579 1214 618 et
1233 575 1317 618 alia
1334 575 1530 631 religiosa
1547 575 1654 626 loca,

144 646 244 676 611111
269 634 459 688 ipsorum
487 633 797 676 habitatoribus
824 637 868 676 et
896 633 1048 676 incolis
1076 630 1195 689 'regni
1225 633 1380 676 Scociae
1403 633 1651 689 supradicti,

144 705 194 734 66
221 705 365 734 eorum
393 692 505 734 bona
533 692 668 734 eciam
697 695 959 746 attemptata.
1019 691 1109 733 Nos
1138 691 1270 747 igitur
1298 691 1520 743 nolentes?
1539 691 1652 733 sicut

143 763 222 792 1166
242 749 483 800 debeamus,
498 749 601 792 talia
620 750 700 792 sub
720 749 1050 791 dissimilacione
1068 749 1332 805 pertransire,
1347 762 1488 805 regem
1507 749 1651 804 ipsum

142 821 219 862 per
247 807 352 849 alias
381 807 525 849 literas
554 810 718 850 nostras
746 820 823 862 per
850 807 911 849 te4
929 807 1246 862 praesentandas
1275 806 1430 850 eidem⁵
1453 807 1651 850 seriosius

143 865 373 915 hortamur,
412 868 461 906 ut
499 865 613 920 ipsos
662 865 834 907 clericos
873 868 917 907 et
955 878 1154 920 personas
1203 865 1506 908 ecclesiasticas
1545 864 1653 907 dicti

143 923 262 978 regni
292 923 449 965 Scociae
469 936 575 978 quos
605 922 659 964 ad
688 923 773 965 huc
802 923 893 978 ipse
923 922 1080 964 dicitur
1108 926 1251 966 tenere
1281 923 1652 979 captiv[at]OS‚.re-

143 981 268 1023 stitui
287 980 432 1023 faciat⁰
450 980 642 1036 pristinae
660 980 848 1022 libertati
863 996 874 1033 3
906 994 955 1022 ac
974 980 1110 1023 eciam
1130 980 1328 1023 officiales
1357 984 1525 1023 revocet
1544 994 1651 1036 quos

143 1038 192 1080 in
220 1038 368 1081 eodem
397 1036 541 1093 regno⁷
572 1038 775 1080 asseritur
802 1038 1020 1093 posuisse:
1054 1037 1185 1094 quod⁸
1214 1039 1349 1081 eciam
1378 1039 1433 1081 ad
1462 1042 1651 1081 nostram

142 1109 241 1138 suos
289 1096 551 1138 transmittat
589 1096 864 1152 praesenciam
911 1100 1200 1151 procuratores
1239 1100 1283 1138 et
1321 1097 1511 1147 nuncios,
1552 1110 1651 1139 cum

143 1153 340 1196 omnibus
356 1154 525 1208 juribus
545 1157 588 1196 et
607 1154 886 1196 munimentis
907 1154 1007 1204 suis,
1028 1154 1065 1196 si
1085 1154 1228 1196 credat
1247 1154 1295 1196 in
1313 1155 1489 1210 praefato
1509 1168 1650 1210 regno,

140 1211 212 1254 vel
239 1211 287 1253 in
316 1212 461 1267 aliqua
489 1213 581 1267 ejus
610 1216 741 1268 parte,
766 1212 838 1267 jus
868 1211 1059 1267 aliquod⁹
1078 1226 1123 1255 se
1152 1212 1316 1255 habere.
1375 1212 1442 1254 Ac
1471 1212 1652 1254 nichilo-

141 1269 284 1311 minus
303 1269 414 1320 lites,
434 1269 773 1312 contraversias1⁰
792 1274 835 1313 et
856 1270 1111 1325 quaestiones
1133 1270 1356 1325 quaslibet,
1376 1270 1489 1312 inter
1507 1270 1651 1325 ipsum

140 1341 282 1383 regem
311 1332 355 1370 et
388 1328 659 1382 praelibatum
687 1328 896 1384 regnum¹¹
932 1328 1088 1370 Scociae
1123 1342 1171 1370 ac
1200 1328 1443 1383 praelat0s‚12
1477 1328 1650 1370 clericos

141 1389 184 1427 et
223 1385 442 1428 saeculares
482 1400 682 1441 personas
717 1386 908 1442 ejusdem
941 1386 1061 1442 regni
1096 1387 1300 1437 subortas,
1336 1390 1380 1429 et
1413 1384 1523 1441 qui¹³
1553 1400 1650 1441 pos-

141 1447 242 1485 sunt
270 1444 318 1485 in
345 1448 573 1499 posterum,
594 1458 648 1486 ex
678 1445 1018 1500 quibuscumque
1047 1444 1187 1487 causis
1216 1444 1454 1500 praeteritis,
1485 1444 1650 1494 exoriri,

140 1505 364 1556 totumque
384 1503 607 1557 negocium
633 1502 687 1544 ad
717 1502 1004 1558 cognicionem
1034 1506 1078 1544 et
1106 1502 1509 1545 determinacionem
1538 1502 1651 1544 sedis

141 1560 383 1614 apostolicae
417 1574 492 1615 per
520 1560 743 1615 praedictas
778 1561 923 1603 literas
957 1560 1200 1603 reducimus
1229 1564 1407 1611 nostras,
1437 1574 1486 1603 66
1516 1560 1651 1603 661610

131 1622 419 1670 'reservamus;
439 1632 487 1660 ac
502 1618 671 1660 irritum
692 1622 735 1660 et
749 1618 875 1661 inane
888 1618 1153 1661 decernimus
1174 1618 1222 1669 si,
1243 1618 1424 1661 scienter
1442 1618 1513 1660 vel
1532 1619 1651 1674 igno-

139 1679 292 1725 ranter,
312 1688 430 1717 secus
452 1689 477 1717 a
507 1689 774 1731 quocumque
803 1676 850 1718 in
878 1676 958 1718 hac
991 1679 1111 1731 parte
1141 1677 1364 1732 contigerit
1394 1676 1649 1731 attemptari.

142 1732 347 1783 Quocirca
386 1733 643 1775 fraternitati
679 1737 765 1776 tuae
813 1747 889 1789 per
927 1734 1158 1789 apostolica
1197 1735 1365 1789 scripta,
1404 1734 1452 1775 in
1489 1735 1651 1775 virtute

141 1794 298 1832 sanctae
319 1791 586 1843 obedienciae,
599 1795 642 1833 et
657 1792 737 1833 sub
757 1805 884 1846 poena
904 1792 1196 1847 suspencionis
1211 1792 1264 1834 ab
1278 1791 1649 1834 administracione

140 1848 428 1903 spiritualium
458 1852 500 1891 et
519 1850 828 1905 temporalium,
853 1850 1044 1892 districte
1072 1849 1356 1905 praecipiendo
1386 1848 1650 1900 mandamus,

140 1910 350 1960 quatenus
370 1907 567 1962 praefatas
588 1911 753 1950 nostras
782 1907 927 1949 literas
952 1907 1089 1949 eidem
1108 1908 1208 1963 regi,
1227 1907 1449 1950 dilacionis
1479 1907 1648 1948 sublato

140 1964 257 2005 omni
286 1965 515 2016 obstaculo,
534 1969 831 2020 repraesentes3
860 1979 907 2008 ae
928 1966 1105 2020 ipsumss
1125 1966 1180 2007 ad
1199 1979 1249 2008 66
1269 1979 1364 2021 quae
1391 1963 1650 2007 scribimus¹⁵

138 2021 186 2062 in
215 2023 370 2064 nostris
399 2023 768 2066 exhortacionibus
795 2023 1047 2078 acquiescat,
1067 2023 1291 2066 efficaciter
1319 2023 1481 2066 animes
1512 2026 1554 2064 et
1582 2023 1651 2063 in-

140 2079 270 2120 ducas
285 2079 335 2132 ;¹⁶
363 2080 477 2122 diem
497 2081 612 2135 quod
634 2081 754 2123 non¹⁷
775 2081 858 2124 sibi
878 2081 1012 2123 dictas
1033 2081 1232 2124 nostras¹⁸
1250 2081 1395 2123 literas
1423 2083 1649 2136 praesenta-

139 2137 262 2187 veris,
297 2140 340 2179 et
375 2138 579 2193 quicquid
606 2139 724 2181 aliud
752 2139 911 2190 feceris,
944 2139 1049 2194 quid
1078 2152 1131 2181 ve
1160 2139 1252 2194 ipse
1280 2138 1544 2194 responderit
1573 2142 1650 2180 6111,

138 2193 344 2236 fecer-itin
358 2194 437 2236 hac
457 2199 588 2250 parte,
603 2197 725 2238 nobis
745 2211 820 2251 per
838 2196 916 2239 te¹⁹
934 2197 1078 2239 literas
1099 2201 1305 2252 patentes,
1324 2196 1476 2238 harum
1497 2195 1649 2238 seriem

136 2252 413 2302 continentes,
443 2253 623 2295 fideliter
652 2258 695 2296 et
729 2254 953 2296 efficaciter
986 2254 1184 2296 intimare
1214 2268 1421 2309 procures.
1480 2254 1646 2296 Datum

137 2309 381 2365 Avigione2⁰
399 2310 466 2352 iiii
484 2311 689 2353 kalendas
709 2312 739 2354 J
740 2312 831 2363 ulii,
851 2311 1124 2367 pontificatus
1144 2312 1279 2354 nostri
1299 2312 1462 2367 quinto.

198 2467 212 2490 ¹
229 2469 265 2503 O.
284 2469 324 2502 E.
343 2480 394 2503 66.
629 2468 645 2491 ²
661 2470 699 2504 O.
716 2471 758 2503 Ε.
778 2470 1034 2515 religiososque.
1174 2469 1189 2492 3
1203 2470 1449 2514 Alteredfrom
1465 2472 1633 2507 volentes.

198 2514 214 2538 4
229 2517 266 2550 C.
286 2527 397 2559 parce.
626 2515 642 2538 ⁶
658 2517 696 2551 O.
715 2518 755 2551 E.
774 2518 932 2552 eundem.
1173 2515 1188 2539 ⁶
1204 2518 1243 2553 O.
1263 2519 1303 2553 E.
1322 2519 1396 2552 add
1409 2521 1456 2553 et.

198 2561 213 2585 ⁷
231 2563 269 2597 Ο.
288 2563 332 2598 D.
353 2564 393 2597 Ε.
412 2564 486 2598 add
501 2564 638 2598 Scociae.
734 2562 749 2586 ⁸
766 2565 803 2598 O.
822 2565 865 2598 D.
884 2565 923 2599 Ε.
943 2565 1117 2609 quodque.
1175 2563 1190 2586 ⁹
1207 2565 1245 2599 O.
1263 2566 1303 2601 Ε.
1323 2566 1466 2610 aliquid.

183 2607 212 2631 ²⁰
229 2610 266 2644 O.
284 2611 327 2644 D.
346 2611 386 2644 E.
402 2611 665 2646 controversias.
717 2610 745 2632 ¹¹
763 2611 799 2646 C.
818 2612 858 2646 E.
876 2622 1002 2657 regem.
1157 2611 1187 2634 ¹2
1204 2612 1243 2646 O.
1263 2613 1301 2647 Ε.
1319 2613 1530 2657 praelibatos.

184 2655 213 2678 ¹³
231 2657 269 2691 O.
290 2657 330 2691 Ε.
349 2669 436 2701 quae.
607 2656 637 2680 ¹4
653 2659 693 2693 E.
712 2659 801 2692 adds
815 2662 867 2694 ut.
1012 2657 1041 2680 ¹⁵
1059 2659 1098 2694 C.
1119 2660 1340 2694 rescribimus
1357 2661 1428 2694 and
1444 2663 1541 2694 omits
1557 2671 1643 2704 quae.

183 2701 212 2724 ¹⁶
227 2702 264 2737 O.
283 2704 434 2740 indutas.
611 2704 639 2729 17
652 2705 692 2740 Β.
711 2705 749 2740 Ο.
768 2706 811 2741 D.
830 2707 869 2741 E.
889 2717 1027 2751 quoque
1044 2718 1113 2751 quo
1120 2708 1186 2751 sor
1201 2707 1297 2750 quod
1311 2718 1391 2743 non.

184 2748 214 2771 ¹⁸
231 2750 269 2784 C.
287 2751 328 2785 Ε.
346 2753 427 2785 omit
443 2755 589 2788 nostras.
1163 2752 1192 2776 ¹⁹
1207 2755 1247 2789 B.
1265 2755 1302 2789 O.
1321 2755 1364 2789 D.
1383 2755 1423 2789 Ε.
1441 2756 1532 2788 tuas.

187 2794 216 2817 ²⁰
232 2797 269 2831 B.
288 2798 502 2843 Avignom'ae.
553 2800 591 2836 C.
610 2800 651 2835 E.
669 2800 845 2845 Avigaire.
