2008 3360
742 263 868 293 LIBER
888 262 1094 295 OCTAVUS.
1609 257 1688 296 167

179 370 457 426 temporibus1
473 369 702 419 retroactis,
718 368 773 410 ad
793 368 1065 424 saepedictam
1086 368 1306 411 ecclesiam
1327 369 1564 411 Romanam
1585 384 1690 424 quo-

179 431 246 472 vis
262 431 357 485 jure
371 429 590 484 pertinuit,
605 428 674 470 vel
694 427 902 482 pertinet;
930 428 1180 482 quinymmo
1201 428 1315 469 idem
1331 442 1510 482 regnum
1531 428 1689 470 Scociae

179 487 517 543 progenitoribus
539 486 645 528 dicti
673 486 782 541 regis
813 486 983 541 Angliae
1011 486 1173 527 domini
1202 487 1337 528 nostri
1366 490 1495 541 atque
1524 486 1689 528 feodale

180 547 263 588 sibi
293 546 439 588 extitit
459 546 511 587 ab
533 544 719 598 antiquo.
778 545 822 585 N
824 557 870 585 ec
900 544 1034 586 eciam
1057 558 1174 600 reges
1205 544 1427 586 Scotorum
1448 549 1491 586 et
1510 558 1688 599 regnum

178 605 253 646 alii
274 618 403 659 quam
432 603 599 659 regibus
620 602 787 657 Angliae
817 602 1081 652 subfuerunt,
1101 602 1171 644 vel
1202 602 1339 644 subici
1367 606 1688 645 consueverunt.

178 663 332 717 Neque
360 676 476 717 reges
498 660 666 716 Angliae
686 674 813 715 super
827 660 996 715 juribus
1027 661 1116 702 suis
1145 660 1193 701 in
1222 674 1350 716 regno
1379 661 1593 716 praedicto,
1615 664 1690 702 aut

179 721 276 763 aliis
304 720 393 762 suis
423 719 739 774 temporalibus,
769 732 909 760 coram
939 718 1083 773 aliquo
1109 718 1255 773 judice
1282 718 1584 761 ecclesiastico2
1614 733 1690 761 seu

181 778 384 829 saeculari,
420 792 471 820 ex
507 778 640 819 libera
678 776 1002 831 praeeminencia
1042 780 1179 819 status
1218 777 1343 833 regiae
1378 777 1612 833 dignitatis,
1647 782 1691 820 et

180 836 500 879 consuetudinis
549 835 713 877 cunctis
753 835 1015 889 temporibus
1059 835 1401 890 irrefragabiliter
1449 836 1691 887 observatae,

181 895 501 949 responderunt,
522 897 596 935 aut
616 892 867 946 respondere
897 893 1107 934 deberent.
1171 893 1309 943 Unde,
1329 893 1477 936 habito
1506 898 1689 935 tractatu

181 953 378 1008 diligenti
399 957 441 994 et
457 951 761 993 deliberacione
783 964 908 1004 super
924 950 1136 992 contentis
1154 951 1198 992 in
1214 952 1367 994 vestris
1382 952 1517 994 literis
1532 966 1691 994 memo-

180 1012 294 1061 ratis,
311 1009 559 1059 communis,
575 1022 746 1051 concors
767 1012 810 1050 et
829 1008 1059 1050 unanimus
1080 1023 1308 1051 consensus
1330 1011 1522 1052 omnium
1543 1014 1585 1052 et
1605 1010 1693 1052 sin—

182 1070 378 1125 gulorum
402 1068 496 1117 fuit,
518 1071 594 1117 est,
615 1070 658 1109 et
688 1067 768 1108 erit
796 1067 1058 1117 inconcusse,
1078 1068 1170 1109 Deo
1191 1067 1391 1122 propicio,
1411 1068 1458 1109 in
1487 1069 1692 1118 futurum,

182 1127 297 1182 quod
335 1126 535 1180 praefatus
571 1125 769 1166 dominus
809 1129 953 1166 noster
986 1139 1072 1175 rex,
1107 1139 1234 1179 super
1267 1126 1437 1179 juribus
1472 1127 1590 1180 regni
1625 1127 1693 1168 sui

182 1184 349 1234 Scociae,
389 1188 464 1225 aut
512 1183 607 1225 aliis
646 1183 735 1225 suis
784 1183 1100 1238 temporalibus,
1140 1183 1386 1225 nullatenus
1431 1184 1695 1238 judicialiter

180 1242 434 1297 respondeat
463 1256 604 1284 coram
633 1241 766 1291 vobis,
787 1255 865 1283 nec
890 1242 1104 1296 judicium
1134 1242 1284 1284 subeat
1304 1242 1595 1297 quovismodo,
1618 1246 1694 1284 aut

179 1302 277 1356 jura
297 1314 374 1342 sua
393 1300 596 1355 praedicta
616 1299 663 1340 in
693 1299 871 1340 dubium
894 1299 1077 1341 deducat
1089 1316 1099 1352 3
1129 1314 1207 1342 nec
1228 1300 1282 1341 ad
1306 1301 1580 1354 praesenciam
1600 1314 1695 1342 ves-

182 1366 293 1401 tram
322 1358 402 1400 hac
432 1358 484 1400 de
517 1372 643 1400 causa
672 1362 961 1412 procuratores
992 1371 1090 1400 suos
1111 1358 1376 1400 transmittat
1396 1363 1471 1400 aut
1491 1358 1695 1400 nuncios:

182 1421 225 1460 et
255 1417 441 1458 maxime
471 1431 570 1459 cum
599 1417 646 1457 in
667 1415 1051 1458 exhereditacione³
1075 1417 1185 1471 juris
1212 1430 1375 1458 coronae
1405 1417 1524 1472 regni
1554 1417 1621 1458 sui
1652 1420 1695 1459 et

183 1476 404 1531 dignitatis
424 1476 548 1530 regiae
576 1475 795 1529 praemissa
819 1474 1017 1516 cederent
1036 1475 1271 1525 manifeste,
1289 1489 1454 1517 necnon
1473 1475 1520 1517 in
1540 1476 1694 1530 praeju-

183 1534 344 1575 dicium
373 1533 583 1575 libertatis
604 1537 647 1575 et
667 1533 1027 1575 consuetudinum
1048 1547 1095 1575 ac
1116 1533 1292 1588 legium⁴
1312 1534 1442 1589 regni,
1455 1537 1498 1576 et
1518 1534 1565 1574 in
1595 1533 1696 1575 sub-

183 1592 377 1634 versione
398 1594 535 1633 status
556 1591 758 1646 ejusdem.
818 1591 888 1632 Ad
909 1605 1090 1646 quorum
1114 1592 1456 1634 observacionem
1476 1606 1530 1634 ex
1550 1591 1694 1633 debito

183 1649 364 1704 praestiti
389 1649 622 1704 juramenti
652 1648 828 1690 firmiter
858 1652 899 1690 et
932 1649 1177 1690 solemniter
1206 1649 1310 1691 facti
1339 1649 1632 1705 astringimur5
1653 1653 1696 1691 et

183 1712 400 1759 tenemur3
428 1721 476 1748 ac
506 1710 596 1748 toto
627 1720 750 1761 posse
770 1710 1045 1748 manutenere
1075 1707 1368 1749 intendimus.6
1438 1708 1530 1749 Nec
1560 1708 1695 1749 eciam

182 1766 485 1820 promittimus,
500 1765 569 1807 vel
590 1765 724 1806 eciam
744 1765 1053 1818 promittemus,
1070 1765 1182 1807 sicut
1202 1778 1280 1807 nec
1301 1765 1406 1807 talia
1418 1769 1507 1807 tam
1523 1765 1697 1806 insolita

185 1824 432 1878 promittere
462 1823 580 1865 licite
606 1823 819 1878 possimus
840 1827 915 1864 aut
935 1823 1148 1865 debemus.
1211 1823 1321 1873 Quo⁷
1343 1823 1454 1865 circa
1479 1823 1697 1865 sanctitati

181 1885 334 1923 vestrae
363 1886 603 1924 reverenter
632 1885 675 1923 et
702 1881 923 1923 humiliter
947 1881 1238 1936 supplicamus
1269 1886 1480 1936 quatenus
1511 1881 1695 1923 eundem

183 1940 403 1981 dominum
433 1939 643 1982 nostrum8
671 1953 823 1994 regem,
845 1939 931 1994 qui,
951 1939 1064 1981 inter
1093 1939 1198 1981 alios
1228 1940 1549 1982 orbisterrarum
1578 1939 1695 1994 prin-

181 1998 306 2052 cipes,
328 1998 587 2040 catholicum
611 2011 655 2039 se
676 1997 848 2039 exhibet
869 2001 911 2039 et
932 1997 1119 2040 ecclesiae
1141 1999 1343 2040 Romanae
1363 1998 1579 2048 devotum,
1595 1998 1693 2051 jura

184 2069 261 2097 sua
273 2055 338 2097 ac9
357 2056 574 2097 libertates
593 2056 728 2111 regias
750 2055 827 2097 et1⁰
843 2056 1170 2098 consuetudines
1184 2060 1227 2098 et
1242 2057 1367 2111 leges,
1388 2057 1548 2111 absque
1569 2055 1696 2097 dimi-

181 2114 363 2155 nucione
398 2117 441 2155 et
472 2113 781 2168 inquietudine,
810 2114 985 2168 pacifice
1020 2115 1178 2168 poterit
1212 2114 1438 2169 possidere,
1469 2118 1510 2156 et
1547 2114 1695 2156 eadem

181 2170 379 2213 illibatall
401 2171 665 2227 benign[i]us
686 2171 910 2226 persistere
932 2172 1202 2226 permittatis.

241 2325 456 2381 §equitat
475 2327 803 2381 muzzqnzntzrffl
825 2326 1051 2381 responsio
1070 2326 1182 2381 regie
1203 2325 1377 2382 ‹3112stae
1399 2327 1449 2372 ab
1472 2327 1635 2372 bullam

686 2400 1004 2457 papatum—GL
1027 2402 1196 2446 xxxiiii.

185 2485 641 2545 SANCTISSIMO
672 2501 719 2543 in
750 2501 919 2544 Christo
938 2502 1052 2556 patri
1082 2505 1125 2544 et
1155 2502 1338 2553 domino,
1367 2502 1539 2544 domino
1570 2503 1699 2545 Boni-

186 2561 306 2611 facio,
327 2561 474 2602 divina
504 2560 776 2615 providencia
809 2564 965 2601 sanctae
1001 2561 1204 2602 Romanae
1228 2561 1415 2603 ecclesiae
1450 2565 1494 2603 et
1528 2562 1699 2604 univer-

189 2618 290 2660 salis
325 2632 490 2660 summo
525 2618 730 2673 pontifici,
765 2617 1013 2669 Edwardus,
1045 2619 1194 2661 eadem
1231 2620 1371 2675 gracia
1405 2634 1480 2661 rex
1518 2620 1698 2675 Angliae,

252 2742 265 2764 1
283 2744 322 2777 E.
340 2744 601 2787 temporalibus.
653 2744 690 2778 C.
709 2744 747 2777 E.
767 2745 848 2777 omit
865 2743 1059 2776 retroactis.
1279 2742 1293 2764 2
1311 2744 1351 2776 D.
1371 2743 1523 2776 eeclesiae
1540 2743 1675 2776 astrito.

253 2789 267 2811 ³
284 2791 319 2823 O.
339 2791 379 2823 E.
397 2791 681 2824 exheredacione.
777 2789 791 2811 4
808 2791 845 2823 B.
867 2791 901 2824 C.
923 2791 962 2823 E.
980 2790 1106 2834 legum.
1277 2789 1292 2811 ⁵
1309 2791 1345 2824 O.
1364 2792 1404 2824 E.
1418 2791 1699 2834 constringimur.

254 2835 268 2857 ⁶
285 2837 325 2870 G.
344 2838 384 2870 D.
405 2839 443 2872 E.
459 2839 531 2871 add
548 2842 584 2872 et
600 2840 686 2872 totis
705 2838 838 2872 viribus
856 2848 937 2870 cum
954 2837 1021 2870 Dei
1037 2837 1215 2881 adjutorio
1231 2837 1418 2871 defendere
1435 2837 1659 2871 intendimus.

256 2882 270 2905 ⁷
289 2885 327 2916 B.
348 2885 449 2928 Ergo.
780 2884 793 2906 ⁸
811 2886 847 2918 O.
867 2886 906 2918 Ε.
926 2886 1006 2918 omit
1022 2888 1192 2918 nostrum.
1282 2883 1296 2905 9
1315 2885 1352 2918 C.
1373 2886 1412 2918 E.
1432 2887 1477 2918 et.

245 2929 272 2951 1⁰
290 2931 326 2964 O.
346 2932 387 2965 E.
407 2935 486 2966 omit
505 2936 549 2967 et.
774 2931 799 2953 ¹¹
819 2933 855 2966 O.
874 2933 913 2964 E.
934 2932 1042 2965 illata.
1183 2930 1210 2952 1²
1227 2932 1262 2965 C.
1283 2932 1323 2965 Ε.
1342 2934 1423 2965 omit
1440 2934 1702 2975 consequenter.
