2014 3354
130 1408 198 1434 mn.
216 1400 301 1435 1179.

340 308 361 344 2
369 307 392 345 8
827 314 953 350 LIBER
977 314 1333 348 PLUSCARDENSIS.

334 417 555 473 subigere,1
575 432 626 461 ex
647 432 747 474 ymo
769 418 905 461 cordis
926 419 1082 460 affectu
1101 418 1233 460 traxit
1258 418 1501 475 suspirium,
1522 424 1566 464 et
1584 422 1713 464 finem
1732 434 1831 464 con-

334 476 431 519 silio
443 477 658 531 imposuit,
673 476 798 519 hilari
814 479 1022 531 praetenso
1037 476 1163 518 vultu
1178 490 1444 532 consurgens,
1459 482 1503 520 et
1517 493 1647 522 manu
1662 480 1834 521 dextera

331 537 461 634 {apat
491 534 673 577 Gilberti
702 534 935 589 supradicti
965 533 1259 586 contrectans‚²
1286 548 1389 578 voce
1415 536 1568 579 risibili
1595 536 1834 580 astantibus

444 626 455 644 ,
591 666 658 708 Ex
677 664 846 721 propria
863 663 1035 707 feratra⁸
1053 678 1141 707 non
1160 665 1268 709 exiit
1286 665 1370 709 ista
1389 667 1555 723 sagitta,

331 760 537 812 tanquam
553 756 590 799 si
605 756 774 807 diceret,
791 756 901 798 Cum
916 768 992 811 pro
1002 755 1179 811 justicia
1197 756 1358 798 tuenda
1377 755 1580 800 steteritis
1601 760 1699 800 ante
1718 755 1835 812 prin-

330 815 463 870 cipes4
482 819 525 857 et
553 814 763 869 praesides,
783 813 916 855 nolite
945 813 1232 869 praecogitare⁵
1252 814 1356 869 quid
1384 814 1621 870 loquamini
1628 831 1639 868 3
1665 815 1836 857 dabitur

330 873 446 914 enim
474 872 597 914 vobis
626 871 674 913 in
702 871 779 913 illa
807 871 911 913 hora
939 871 1045 926 quid
1074 871 1309 926 loquamini
1326 887 1336 923 ;
1364 885 1452 914 non
1481 873 1597 915 enim
1626 873 1730 915 estis
1757 885 1835 915 vos

329 930 406 985 qui
439 928 697 985 loquimini,⁰
730 928 804 971 sed
839 929 1024 984 Spiritus
1065 929 1246 972 Sanctus
1284 930 1360 985 qui
1392 930 1583 986 loquitur
1615 930 1663 972 in
1699 930 1834 973 vobis.

328 987 502 1030 Abhinc
514 1001 613 1030 vero
633 991 677 1029 et
697 987 779 1042 [in]
792 990 918 1029 antea
931 990 1102 1029 tantum
1115 987 1265 1029 dilexit
1280 987 1480 1030 clericum
1494 988 1745 1044 praedictum
1758 1001 1835 1030 rex

329 1045 586 1096 Willelmus,
614 1048 665 1087 ut
693 1045 740 1086 in
770 1045 859 1087 suis
879 1044 1176 1087 secrecioribus
1206 1045 1389 1088 actibus⁷
1409 1049 1452 1088 et
1482 1045 1673 1101 agendis⁸
1707 1059 1834 1089 suum

329 1103 708 1146 familiarissimum
724 1102 939 1145 retenuit.⁹
990 1103 1142 1145 Fertur
1161 1102 1276 1145 enim
1292 1116 1317 1144 a
1331 1103 1588 1158 quibusdam
1607 1104 1722 1146 hunc
1742 1116 1833 1146 esse

330 1161 572 1203 Gilbertum
591 1174 719 1216 quem
738 1174 814 1203 rex
833 1161 1108 1203 camerarium
1126 1160 1246 1215 regni
1266 1161 1489 1203 constituit
1509 1160 1718 1215 deinde;¹⁰
1735 1174 1832 1216 pos-

327 1218 461 1261 terius
473 1218 605 1261 vero¹¹
617 1219 672 1261 ad
692 1218 980 1273 episcopatum
1003 1218 1347 1260 Cathanensem¹2
1362 1218 1559 1261 dominus
1585 1232 1707 1274 papa,
1727 1218 1832 1261 dicti

327 1276 437 1332 regis
451 1276 707 1327 interventu,
723 1275 1015 1326 sublimavit,¹·⁰’
1029 1279 1073 1318 et
1084 1276 1281 1318 dominus
1295 1280 1439 1319 noster
1450 1277 1479 1319 J
1482 1277 1608 1319 hesus
1625 1276 1833 1327 Christus,

328 1338 426 1389 post
451 1335 542 1390 ejus
571 1334 673 1376 vitae
702 1332 973 1385 decursum,¹4
1000 1333 1149 1376 multis
1168 1333 1384 1376 miraculis
1403 1334 1645 1377 illustravit.
1703 1335 1833 1376 Anno

328 1405 428 1434 vcro
447 1392 625 1434 Domini
640 1400 693 1434 ΜΟ
708 1391 780 1435 c.¹⁵
794 1391 918 1433 lxxix
939 1391 1179 1433 Ludovicus
1199 1391 1455 1434 Francorum
1474 1406 1560 1443 rex,
1581 1395 1833 1448 septuagen-

329 1449 442 1492 arius
463 1454 506 1492 et
525 1449 783 1505 paraliticus,
803 1449 1054 1504 Philippum
1073 1449 1210 1490 filium
1230 1463 1368 1500 suum,
1380 1463 1429 1492 eo
1445 1450 1627 1501 vivente,
1643 1449 1834 1492 coronari

329 1507 432 1550 fecit
451 1511 495 1550 et
524 1507 768 1558 consecrari,
787 1511 993 1562 praesente
1018 1506 1253 1562 Anglorum
1273 1520 1369 1563 rege
1390 1507 1588 1558 Henrico,
1607 1521 1661 1550 ex
1690 1507 1834 1549 debita.

331 1565 596 1620 subjeccione
625 1569 796 1620 propter
825 1565 1027 1607 ducatum
1056 1565 1099 1606 N
1101 1564 1342 1615 ormanniae‚
1362 1564 1476 1607 dicto
1504 1579 1600 1621 rege
1630 1564 1833 1620 Philippo

333 1623 429 1665 xiiii
448 1637 581 1665 annos
601 1623 811 1665 duntaxat
829 1621 1013 1664 habente
1019 1637 1030 1675 ;
1059 1622 1134 1677 qui
1153 1622 1346 1678 regnavit
1365 1622 1412 1664 xl
1431 1622 1555 1665 annis
1575 1626 1619 1665 et
1638 1622 1835 1678 amplius,

333 1680 562 1723 laudabilis
581 1681 693 1723 vitae.
751 1680 914 1722 Eodem
932 1683 1121 1735 tempore
1140 1693 1214 1722 rex
1234 1680 1477 1723 Willelmus
1496 1680 1694 1722 fundavit
1712 1694 1834 1722 mon-

335 1738 538 1781 asterium
553 1738 606 1781 de
620 1737 863 1787 Abirbroth,
877 1742 921 1780 et
932 1737 1072 1779 David
1090 1737 1218 1780 frater
1231 1738 1322 1793 ejus
1337 1738 1639 1781 monasterium
1653 1738 1706 1780 de
1717 1738 1833 1780 Lun-

331 1796 456 1847 doris,
476 1810 525 1839 eo
546 1796 755 1839 existente
785 1794 973 1838 comite¹⁶
992 1795 1044 1838 de
1065 1795 1352 1851 Huntington.
1410 1796 1466 1838 In
1484 1799 1652 1838 tantum
1683 1794 1832 1838 enim¹⁷

330 1854 552 1909 religiosus
572 1858 615 1897 et
634 1854 756 1896 bonae
775 1854 876 1896 vitae
896 1856 986 1896 erat
1004 1866 1081 1895 rex
1100 1853 1288 1895 Franciae
1304 1853 1540 1909 Philippus,
1559 1858 1611 1896 ut
1629 1854 1832 1908 negantes

330 1912 484 1963 Deum,
498 1911 569 1955 vel
583 1911 855 1954 vehementer
869 1911 1127 1953 detestantes
1143 1915 1185 1953 et
1200 1911 1246 1952 in
1260 1911 1374 1953 ludis
1388 1911 1592 1966 jurantes,
1605 1911 1833 1966 cujuscun-

330 1984 413 2025 que
442 1969 702 2012 condicionis
732 1969 982 2020 existebant,
1011 1968 1059 2010 in
1086 1968 1273 2011 tabernis
1303 1972 1347 2011 et
1374 1969 1548 2019 taxillis,
1577 1972 1621 2011 et
1646 1968 1832 2011 maxime

330 2028 376 2068 in
389 2042 466 2069 sua
481 2027 720 2083 praesencia,
733 2027 825 2069 sine
840 2040 956 2069 mora
967 2026 1075 2069 mori
1086 2026 1278 2076 faciebat,
1291 2030 1366 2068 aut
1376 2026 1423 2068 in
1435 2026 1610 2069 lacum¹⁸
1621 2026 1816 2080 extingui
1823 2041 1834 2079 ;

331 2090 386 2136 et,
406 2099 504 2128 cum
523 2085 577 2127 ab
597 2085 811 2140 aliquibus
831 2097 957 2139 super
981 2083 1060 2126 hoc
1080 2083 1505 2140 reprehende[re]tur,
1526 2084 1638 2126 dixit
1656 2098 1702 2127 se
1721 2084 1834 2126 blas-

330 2143 547 2198 phemiam
566 2144 596 2186 J
598 2143 705 2186 hesu
733 2142 894 2185 Christi
927 2142 1135 2184 sustinere
1170 2155 1256 2183 non
1274 2155 1409 2197 posse,
1429 2142 1643 2197 sequendo
1667 2143 1833 2184 sancto-

330 2214 426 2242 rum
442 2201 619 2252 decreta,
635 2201 885 2252 dicencium,
901 2199 987 2251 Qui
1001 2199 1202 2255 injuriam
1218 2199 1468 2242 Sanctorum
1479 2198 1665 2242 tolerat¹⁹
1680 2198 1832 2241 similis

330 2262 396 2300 est
408 2258 447 2300 ei
462 2259 537 2313 qui
553 2259 655 2300 facit
670 2257 810 2311 eam52⁰
825 2258 969 2308 eciam,
983 2257 1068 2309 Qui
1079 2261 1322 2312 peccantem
1338 2271 1425 2299 non
1439 2257 1612 2313 corripit
1623 2271 1720 2300 cum
1735 2269 1833 2311 pec-

329 2320 410 2366 cat,
422 2325 670 2370 peccantem
689 2315 970 2371 peccantem2¹
981 2315 1157 2370 adjuvat
1171 2328 1363 2370 peccare;
1391 2329 1488 2357 cum
1506 2314 1766 2358 declinantes
1784 2314 1832 2355 in

391 2455 402 2474 ¹
424 2456 461 2490 C.
478 2456 518 2491 E.
537 2456 717 2499 subjicere.
953 2455 968 2477 ²
984 2455 1023 2489 B.
1042 2456 1080 2489 O.
1099 2455 1141 2489 D.
1160 2456 1200 2490 Ε.
1218 2458 1451 2489 contractans.

390 2503 405 2525 ³
422 2504 563 2544 feratur,
582 2504 787 2545 afterwards
802 2503 930 2537 altered
954 2507 987 2536 to
1011 2503 1152 2536 fex-atra.
1202 2502 1241 2536 B.
1260 2502 1433 2547 pharetra.
1483 2502 1521 2536 C.
1540 2502 1579 2536 Ε.
1599 2502 1735 2536 feretra.
1786 2503 1828 2536 D.

328 2551 493 2595 pharetra
507 2552 637 2583 written
653 2551 752 2583 above
768 2550 899 2583 feratra
914 2550 1028 2583 acm-ed
1043 2554 1111 2584 out.
1448 2547 1462 2570 4
1479 2549 1515 2583 O.
1535 2549 1575 2583 E.
1593 2560 1700 2593 reges.

392 2596 407 2619 ⁵
423 2597 459 2631 C.
478 2598 518 2631 E.
536 2597 609 2630 add
625 2597 799 2640 quomodo
816 2599 888 2630 aut.

391 2643 406 2666 ⁶
423 2645 460 2678 O.
478 2645 518 2678 E.
537 2645 617 2677 omit
632 2643 814 2677 dabitur—
823 2641 1013 2687 loquamini
1030 2643 1102 2675 and
1117 2642 1287 2676 substitute
1303 2644 1339 2676 et
1355 2644 1490 2676 caetera.

391 2690 406 2713 ⁷
423 2692 460 2725 C.
478 2691 518 2725 Ε.
536 2690 699 2724 consiliis.
924 2729 927 2733 Ι
950 2688 964 2710 ⁸
981 2690 1018 2723 B.
1038 2689 1128 2722 adds
1144 2701 1190 2723 se.
1445 2688 1459 2710 ⁰
1475 2689 1512 2723 C.
1530 2689 1569 2723 E.
1587 2689 1716 2734 tenuit.

378 2737 407 2759 ¹⁰
424 2739 460 2772 O.
479 2739 519 2771 E.
537 2736 772 2781 postmodum.
933 2734 961 2757 ¹¹
979 2736 1016 2770 O.
1034 2736 1073 2770 E.
1093 2739 1222 2769 autem.
1434 2733 1464 2757 ¹²
1480 2736 1517 2770 Ο.
1535 2736 1575 2769 Ε.
1594 2735 1827 2771 Catinensem.

375 2784 405 2807 ¹³
421 2786 457 2819 C.
476 2785 515 2818 E.
533 2796 555 2818 a
571 2784 710 2818 domino
726 2794 824 2827 papa..
844 2782 1048 2816 interventu
1063 2783 1163 2827 regis,
1184 2781 1376 2816 ordinatur.

376 2830 405 2854 ¹⁴
422 2832 459 2866 C.
478 2832 516 2867 E.
535 2834 615 2875 post
631 2831 738 2874 hujus
754 2831 947 2863 decursum.
1431 2827 1461 2850 ¹⁵
1478 2829 1514 2863 C.
1534 2829 1575 2863 D.
1594 2830 1635 2864 E.
1653 2831 1734 2863 omit
1749 2840 1778 2864 c.

374 2878 404 2901 ¹⁶
419 2889 532 2912 comes
547 2878 753 2920 afterwards
768 2877 896 2911 altered
913 2881 944 2910 to
961 2875 1095 2910 comite.
1144 2875 1187 2910 D.
1206 2887 1330 2910 comes.
1437 2875 1465 2898 17
1483 2876 1522 2909 Β.
1536 2877 1625 2909 adds
1640 2887 1755 2920 regno.

375 2924 403 2947 ¹⁸
419 2926 455 2959 G.
474 2926 514 2959 Ε.
533 2925 705 2968 laqueum.
929 2921 958 2944 ¹⁰
974 2923 1012 2956 B.
1033 2924 1068 2957 O.
1088 2923 1130 2957 D.
1149 2924 1188 2956 E.
1207 2923 1359 2957 tollerat.
1433 2921 1462 2945 ²⁰
1478 2923 1576 2971 C.·D.
1595 2925 1675 2957 omit
1691 2935 1778 2957 eam.

374 2971 402 2994 ²¹
419 2973 458 3007 B.
476 2973 512 3006 O.
533 2973 574 3006 D.
594 2973 632 3006 E.
652 2973 730 3005 mnit
747 2971 864 3005 second
879 2973 1090 3015 peccantem.
