2008 3360
354 319 435 357 260
848 329 973 360 mem
993 329 1073 359 PLU
1079 327 1350 359 SCARDENSIS.

351 431 541 485 ejusdem
561 431 725 474 heredis
742 445 789 473 ac
809 432 927 487 regni
946 431 1230 487 gubernacula
1248 444 1383 485 usque
1404 430 1455 472 ad
1476 431 1704 485 perfectam
1732 427 1841 484 regis

350 493 519 531 aetatem
552 489 735 539 haberet,
769 502 818 531 ac
851 490 969 545 regni
1003 493 1046 531 et
1080 489 1228 544 populi
1264 488 1510 538 custodiam,
1549 488 1602 530 de
1635 501 1842 530 consensu

350 546 544 588 omnium
564 550 607 588 et
626 546 890 601 singulorum
918 547 1176 589 unanimiter
1204 545 1502 588 concordatum
1531 548 1575 587 et
1603 545 1842 586 ordinatum

349 606 426 644 est.
486 604 579 654 Quo
613 603 679 645 eo¹
714 604 945 654 deficiente,
979 604 1093 659 quod
1127 603 1322 645 dominus
1357 604 1387 646 J
1389 603 1543 644 acobus
1573 602 1626 644 de
1655 602 1844 657 Douglas

349 660 558 714 praedicti2
577 660 741 703 heredis
762 665 805 704 et
823 661 942 716 regni
970 661 1157 717 regimen
1186 664 1228 703 et
1249 659 1547 716 gubernacula3
1566 659 1749 710 haberet,
1768 672 1843 714 per

350 717 460 772 regis
481 731 734 760 consensum
755 732 803 761 ac
823 719 1014 761 omnium
1043 723 1087 761 et
1120 718 1382 774 singulorum
1416 717 1605 768 aliorum,
1639 716 1773 758 donec
1802 720 1845 757 et

350 788 571 829 quousque
589 775 819 818 videretur4
837 777 974 819 tribus
994 776 1315 831 statibus‚regni
1334 775 1447 830 quod
1466 775 1586 816 heres
1605 774 1773 815 futurus
1793 773 1846 815 ad

351 832 471 887 regni
489 833 676 888 regimen
694 834 845 876 merito
863 834 1016 876 debeat
1041 833 1239 876 sufficere.
1300 833 1437 884 Quam
1469 846 1624 882 curam,
1643 831 1847 886 guberna-

351 889 518 932 cionem
538 895 580 932 et
599 891 785 947 regimen
803 891 1016 946 praedictae
1036 905 1223 946 personae
1238 888 1485 933 nominatae⁵
1499 890 1546 931 in
1567 888 1753 944 [se]ipsis
1768 887 1847 930 ibi-

350 947 448 989 dem
462 948 480 1002 j
486 947 613 992 urati⁶
632 948 908 1004 susceperint⁷
928 962 1027 991 cum
1046 953 1214 1003 tempus
1241 947 1488 998 advenerit,8
1506 947 1694 1001 praestito
1713 946 1766 987 ab
1786 945 1846 987 eis

354 1018 481 1060 super
491 1005 583 1056 hoc,
594 1005 719 1048 tactis
732 1006 987 1062 ewangeliis,
997 1020 1149 1062 magno
1160 1006 1400 1061 juramento
1412 1005 1593 1046 fideliter
1604 1004 1695 1045 haec
1707 1003 1850 1044 omnia

352 1062 500 1113 facere,
518 1076 658 1118 regere
687 1067 731 1106 et
758 1064 978 1106 observare
1008 1064 1062 1105 ad
1090 1063 1322 1106 utilitatem
1349 1062 1470 1117 regis,
1489 1061 1608 1117 regni
1628 1066 1671 1103 et
1698 1060 1848 1115 populi

353 1120 667 1171 inviolabiliter,
686 1135 784 1163 cum
805 1121 984 1177 singulis
1004 1121 1204 1171 articulis,
1239 1124 1289 1162 ut
1322 1120 1449 1162 moris
1481 1123 1546 1161 est
1575 1119 1742 1174 regibus
1772 1131 1848 1160 seu

352 1178 584 1220 rectoribus
632 1184 839 1234 praestare.
918 1179 1136 1228 Praeterea,
1185 1191 1282 1219 cum
1325 1177 1539 1231 aliquibus
1587 1175 1847 1230 temporibus

352 1236 576 1290 praeteritis
610 1249 636 1278 a
674 1236 940 1291 quibusdam,
973 1236 1074 1278 licet
1106 1236 1248 1290 minus
1280 1235 1544 1284 sufficienter,
1583 1234 1630 1274 in
1669 1232 1845 1274 dubium

353 1292 505 1334 fuisset
523 1297 765 1335 revocatum
784 1307 868 1348 quo
883 1294 978 1348 jure
999 1293 1206 1335 successio
1234 1292 1282 1334 in
1310 1305 1436 1347 regno
1467 1291 1636 1341 Scociae,
1666 1290 1703 1332 si
1735 1290 1847 1332 clara

353 1349 531 1391 forsitan
549 1364 636 1392 non
655 1351 856 1401 extiterit,
885 1350 1023 1392 decidi
1052 1350 1221 1393 deberet
1250 1363 1298 1392 ac
1327 1348 1508 1404 juridice
1535 1346 1782 1398 terminari,9
1801 1347 1848 1388 in

353 1406 502 1449 eodem
519 1407 797 1462 parliamento
816 1421 891 1463 per
910 1408 1069 1450 clerum
1099 1412 1142 1449 et
1170 1407 1376 1462 populum
1402 1406 1660 1448 declaratum
1686 1405 1769 1446 fuit
1798 1418 1847 1446 ac

353 1464 584 1507 diffinitum
603 1465 717 1520 quod
744 1479 820 1520 per
838 1465 1186 1507 consuetudinem
1215 1465 1261 1506 in
1289 1462 1591 1506 inferioribus¹⁰
1610 1463 1743 1504 feodis
1773 1475 1847 1503 seu

353 1521 658 1565 hereditatibus
687 1523 734 1565 in
761 1536 889 1578 regno
918 1521 1230 1571 observatum,¹¹
1250 1536 1347 1564 cum
1365 1521 1412 1562 in
1441 1520 1704 1563 successione
1731 1520 1850 1574 regni

353 1579 550 1634 aliqualis
580 1580 840 1622 consuetudo
869 1580 1105 1622 hattenus¹²
1133 1594 1219 1621 non
1248 1579 1332 1621 fuit
1359 1578 1610 1628 introducta,
1639 1576 1848 1619 minime¹³

354 1637 506 1679 debeat
526 1651 602 1679 seu
614 1637 761 1679 debuit
781 1637 896 1679 dicta
910 1637 1117 1679 successio
1132 1636 1372 1679 terminari:
1401 1636 1474 1678 sed
1494 1636 1607 1690 quod
1621 1634 1851 1690 proximior

353 1694 566 1736 masculus
586 1698 773 1749 tempore
792 1695 939 1737 mortis
954 1695 1063 1750 regis
1083 1695 1239 1744 ultimi,
1254 1708 1307 1736 ex
1321 1697 1434 1736 recta
1448 1693 1554 1734 linia
1568 1692 1850 1742 discendente,

354 1751 435 1801 vel,
451 1751 576 1806 ejus¹4
586 1752 774 1794 masculo
789 1752 1021 1803 deficiente,
1035 1752 1266 1807 proximior
1280 1750 1494 1801 famella‚¹⁵
1506 1765 1558 1794 ex
1574 1750 1719 1793 eadem
1733 1749 1850 1799 linia,

356 1809 449 1864 [aut
468 1809 544 1851 illa
561 1809 684 1865 linia]
705 1810 889 1866 penitus,
919 1810 1149 1865 proximior
1179 1809 1392 1851 masculus
1412 1822 1465 1850 ex
1483 1808 1589 1850 linia
1608 1806 1848 1856 collaterali,

355 1870 519 1908 attento
543 1867 638 1922 jure
659 1868 876 1922 sanguinis
895 1881 980 1923 quo
999 1867 1084 1922 ipsi
1102 1867 1190 1923 regi
1210 1867 1408 1908 defuncto
1424 1866 1495 1921 jus
1515 1864 1717 1920 regnandi
1737 1877 1849 1906 com-

354 1924 540 1979 petebat,
557 1925 647 1979 regi
665 1925 719 1967 de
738 1926 859 1980 cujus
883 1925 1146 1968 successione
1165 1938 1284 1979 agere
1303 1923 1478 1965 forsitan
1506 1922 1739 1977 contigerit,
1758 1921 1849 1963 sine

355 1982 691 2024 contradiccione
710 1995 786 2025 seu
805 1983 1109 2037 impedimento
1129 1994 1395 2036 quocumque
1414 1981 1461 2022 in
1480 1994 1607 2035 regno
1627 1979 1849 2022 succedere

355 2039 529 2081 debeat:
558 2040 671 2094 quod
686 2040 774 2095 juri
793 2039 1003 2094 imperiali
1023 2039 1124 2081 satis
1141 2052 1372 2081 consonum
1387 2037 1510 2080 esse¹⁶
1521 2041 1723 2079 censetur.
1782 2036 1848 2078 Ad

355 2096 572 2151 praemissa
608 2111 708 2140 vero
747 2098 889 2139 omnia
923 2102 966 2139 et
1000 2096 1169 2152 singula
1201 2096 1392 2146 fideliter,
1427 2095 1518 2137 sine
1552 2095 1659 2145 dolo,
1693 2093 1851 2143 fraude,

355 2154 530 2196 ficcione
550 2154 639 2197 sive
667 2155 779 2197 malo
799 2155 980 2210 ingenio,
999 2154 1153 2196 futuris
1182 2153 1442 2208 temporibus
1474 2151 1743 2202 observanda,
1764 2151 1852 2206 epi·

354 2212 482 2266 scopi,
498 2212 670 2254 abbates
691 2217 733 2254 et
751 2213 921 2268 priores,
937 2216 980 2254 et
1000 2212 1140 2254 caeteri
1151 2211 1203 2254 de
1223 2210 1437 2261 clero‚1⁷in
1456 2210 1596 2252 forma·
1604 2208 1776 2265 jurandi
1789 2208 1848 2250 eis

357 2283 382 2311 a
416 2270 510 2324 jure
550 2270 755 2321 statuta‚¹⁸
790 2283 955 2312 necnon
993 2270 1181 2320 comites,
1218 2269 1407 2319 barones,
1445 2268 1603 2309 milites
1642 2271 1685 2309 et
1722 2266 1850 2307 libere

356 2330 562 2378 tenentes,
583 2332 626 2370 et
646 2328 787 2370 caeteri
807 2328 858 2370 de
879 2327 1195 2379 communitate,
1215 2327 1340 2368 tactis
1370 2325 1643 2368 sacrosanctis
1673 2335 1849 2377 evange-

418 2450 430 2472 1
603 2453 611 2461 .

418 2496 433 2520 ²
449 2452 487 2532 g.
504 2453 720 2541 ffssgffigffi'm
770 2501 813 2534 D.
832 2500 1037 2543 praedictum
1053 2500 1181 2533 altered
1188 2500 1288 2541 from
1303 2498 1499 2542 praedictus·
1537 2496 1573 2530 O.
1592 2495 1631 2528 Ε.
1649 2492 1849 2538 praedictam

356 2554 485 2580 curam.
534 2546 573 2579 B.
594 2547 629 2581 G.
649 2548 691 2580 D.
710 2547 749 2580 E.
770 2549 848 2580 omit
865 2547 1001 2580 heredis
1018 2550 1054 2580 et
1070 2547 1176 2591 regni.

419 2590 433 2611 ³
450 2593 491 2625 D.
511 2593 637 2625 altered
653 2598 685 2626 to
701 2594 982 2637 gubernaculum.

420 2637 434 2659 ‘¹
452 2639 488 2672 G.
506 2639 682 2673 videntur.
731 2641 773 2674 D.
792 2640 1005 2674 viderentur.
1051 2640 1090 2673 E.
1110 2639 1296 2672 videbitur.
1433 2636 1448 2658 ⁵
1465 2636 1501 2670 O.
1520 2635 1559 2668 Ε.
1581 2632 1846 2677 praenominatae.

420 2684 435 2706 ⁰
450 2686 489 2719 B.
508 2686 545 2719 O.
563 2686 602 2719 E.
620 2687 756 2729 juratae.
806 2687 847 2719 D.
866 2687 992 2719 altered
998 2688 1097 2728 from
1112 2687 1246 2729 juratae.
1431 2682 1446 2705 ⁷
1463 2683 1499 2715 O.
1520 2682 1560 2714 Ε.
1578 2682 1813 2722 susceperunt.

419 2730 433 2753 ⁸
452 2733 488 2767 O.
509 2733 550 2765 D.
569 2732 770 2766 advenerat.
818 2733 857 2766 E.
876 2733 1067 2766 adveniret.
1433 2728 1448 2750 9
1464 2730 1506 2762 D.
1527 2728 1724 2761 terminare.

403 2777 433 2800 ¹⁰
449 2780 486 2814 O.
505 2780 544 2813 Ε.
563 2778 756 2813 ferioribus.
1415 2775 1440 2798 ¹¹
1459 2775 1496 2808 O.
1516 2775 1744 2808 observatam.

404 2824 433 2846 ¹²
450 2826 487 2864 C.
506 2826 544 2859 Ε.
563 2826 741 2858 hactenus.
792 2825 834 2858 D.
853 2827 1006 2859 actenus.
1420 2820 1448 2844 13
1464 2822 1500 2854 G.
1520 2822 1558 2856 E.
1578 2832 1680 2853 nunc.

401 2871 430 2895 ¹4
447 2874 484 2907 B.
504 2873 540 2906 C.
559 2873 602 2906 D.
622 2873 661 2905 E.
680 2872 797 2906 eciam.
1238 2908 1241 2911 ¹
1418 2867 1447 2890 ¹5
1463 2869 1502 2901 B.
1521 2868 1557 2901 C.
1577 2868 1618 2900 D.
1638 2868 1676 2900 E.
1695 2866 1841 2899 femella.

402 2918 431 2942 ¹⁶
447 2920 483 2953 O.
502 2920 545 2953 D.
563 2919 688 2952 altered
695 2920 794 2961 from
810 2921 872 2953 est.
939 2958 944 2963 .
1422 2914 1449 2937 ¹⁷
1467 2916 1508 2948 D.
1528 2915 1616 2948 adds
1632 2914 1667 2946 in
1685 2914 1785 2947 clero.

404 2965 432 2989 ¹⁸
449 2967 485 3002 C.
505 2967 544 3002 E.
563 2968 705 3001 statuto.
