2008 3360
346 309 428 348 330
451 357 459 364 .
834 318 961 349 LIBER
983 318 1342 353 PLUSCARDENSIS.

340 422 418 477 qui
445 424 593 477 postea
612 423 665 466 de
683 422 927 478 prodicione
955 422 1063 478 regis
1081 423 1234 466 Jacobi
1260 423 1388 479 primi
1407 425 1626 468 convictus
1654 420 1844 479 interiit3

295 501 298 505 ·
341 483 386 522 et
413 480 557 522 David
586 481 787 522 comitem
815 480 868 522 de
897 480 1128 524 Strathern.
1189 481 1284 532 Qua
1312 481 1447 524 eciam
1475 483 1620 538 regina
1647 483 1842 526 Evfamia

137 1236 208 1260 mn.
226 1229 312 1262 1390.

341 542 522 589 mortua,
551 551 626 579 rex
659 551 782 579 suam
812 537 994 593 primam
1019 538 1222 590 uxorem,1
1251 539 1331 582 viz.
1366 539 1589 583 Elizabeth
1623 540 1676 583 de
1706 542 1842 593 Mure,

339 599 512 650 propter
549 595 751 651 prolium²
789 595 1066 638 dileccionem
1099 601 1144 639 et
1182 610 1327 639 eorum
1358 597 1727 653 legitimacionem‚
1759 599 1843 641 sibi

339 653 617 708 disponsavit.
676 654 734 695 Et
762 652 824 696 sic
852 653 1100 709 legitimatis
1129 654 1241 706 filiis,
1269 655 1433 711 primus
1461 656 1515 698 ad
1543 670 1720 711 regnum
1749 669 1842 699 suc-

340 711 495 753 cessit:
536 711 638 766 quia
656 725 682 754 a
701 711 958 767 quibusdam
978 711 1118 754 dictus
1147 726 1286 755 comes
1306 712 1494 756 Atholiae
1512 714 1701 769 proditor
1719 713 1843 756 dubi-

339 768 511 811 tabatur
558 783 646 811 non
685 782 776 812 esse
815 769 931 812 filius
970 770 1091 825 regis,
1131 770 1207 813 sed
1238 770 1290 813 de
1321 771 1529 814 adulterio
1563 775 1842 827 conquaestus.

341 826 400 868 Et
433 826 495 869 sic
528 840 605 882 per
635 827 956 870 matrimonium
989 828 1252 883 subsequens
1286 828 1468 886 legitimi
1506 829 1610 872 facti
1649 832 1752 872 sunt
1779 829 1843 871 hii

342 888 428 927 tres
448 884 537 936 filii,
557 885 634 941 qui
652 885 700 928 in
718 899 896 941 regnum
915 890 1219 930 successerunt.

337 1067 555 1123 §equitur
568 1067 616 1113 he
630 1067 899 1114 coronacione
914 1068 1028 1124 regis
1043 1068 1228 1122 &oberti
1242 1068 1362 1114 tertii
1377 1069 1417 1113 et
1429 1068 1576 1125 tzginae
1591 1068 1845 1123 ambella?

811 1147 902 1179 mm
921 1134 1297 1179 infirmariis—01.
1317 1134 1374 1179 xi.

338 1217 496 1285 HN
497 1236 542 1278 N
543 1236 579 1278 O
600 1235 779 1278 Domini
795 1241 849 1277 ΜΟ
860 1241 950 1278 ccc⁰
961 1235 1033 1278 xc⁴
1046 1249 1121 1278 rex
1141 1235 1350 1278 Robertus
1364 1235 1521 1278 tercius
1534 1235 1647 1291 apud
1663 1235 1843 1279 Sconam

336 1294 487 1336 eodem
515 1306 628 1335 anno
656 1307 772 1336 more
800 1292 915 1348 regio
948 1296 1113 1335 mutato
1144 1293 1317 1335 nomine
1350 1297 1574 1336 coronatus
1603 1297 1669 1336 est
1680 1309 1691 1346 ;
1725 1297 1769 1336 et
1797 1293 1845 1335 in

337 1351 523 1394 crastino
538 1350 669 1393 dicta⁵
682 1350 895 1393 Anabella
909 1350 962 1393 de
976 1350 1259 1393 Drommond⁶
1271 1350 1319 1392 in
1337 1350 1486 1394 eodem
1497 1350 1590 1394 loco
1604 1351 1844 1394 diademate

336 1409 469 1465 regali
483 1409 681 1451 similiter
690 1408 893 1464 insignita
905 1411 982 1451 est.
1038 1408 1167 1450 Anno
1182 1422 1285 1451 vero
1298 1409 1495 1463 sequenti
1508 1408 1608 1451 talis
1624 1409 1843 1452 contencio

337 1467 451 1510 facta
482 1470 548 1510 est
580 1467 694 1509 inter
725 1466 941 1509 silvestres
971 1466 1131 1517 Scotos,
1157 1466 1288 1521 quod⁷
1315 1468 1452 1509 totam
1485 1466 1667 1522 patriam
1698 1480 1844 1509 eorum

337 1524 687 1568 contencionibus
715 1524 1031 1580 perturbabant.
1090 1524 1270 1579 Propter
1302 1523 1416 1579 quod
1449 1537 1535 1574 rex,
1570 1537 1658 1566 non
1690 1528 1845 1580 potens

338 1583 509 1625 eosdem
523 1582 578 1624 ad
590 1582 858 1624 concordiam
874 1581 1027 1637 [pacis]
1044 1581 1254 1632 reducere,
1267 1594 1344 1637 per
1357 1581 1583 1624 consilium
1594 1586 1844 1638 magnatum

338 1640 458 1696 regni
476 1639 563 1683 tale
581 1639 685 1683 fecit
704 1644 1161 1695 appunctuamentum:
1180 1639 1295 1695 quod
1312 1638 1396 1681 duo
1410 1639 1666 1695 principales
1685 1640 1848 1682 eorum⁸

338 1698 563 1754 capitanei,
582 1711 681 1740 cum
704 1711 849 1740 eorum
877 1697 1108 1753 majoribus
1128 1701 1172 1740 et
1190 1696 1499 1740 valencioribus
1528 1697 1688 1748 amicis,
1708 1698 1845 1753 captis

339 1770 440 1799 cum
451 1769 710 1811 unoquoque
724 1755 900 1811 triginta
911 1769 987 1811 pro
1002 1755 1140 1806 xxxss,
1149 1754 1197 1797 in
1209 1768 1359 1811 campo
1371 1755 1515 1798 clauso
1526 1769 1642 1798 more
1654 1755 1848 1798 duellan-

339 1814 457 1857 cium
475 1813 732 1870 pugnarent⁹
745 1812 966 1865 inermis‚¹⁰
977 1827 1076 1856 cum
1093 1812 1247 1868 gladiis
1266 1817 1437 1855 tantum
1451 1817 1496 1855 et
1508 1813 1706 1869 bipennis
1725 1827 1846 1855 arcu-

339 1872 432 1924 bus,
447 1876 492 1915 et
506 1885 606 1914 cum
624 1872 761 1914 tribus
780 1875 951 1914 tantum
970 1870 1160 1926 sagittis:
1189 1875 1233 1913 et
1251 1870 1331 1913 hoc
1350 1884 1491 1913 coram
1509 1884 1617 1926 rege,
1631 1871 1757 1913 certis
1777 1871 1847 1913 die

339 1934 385 1973 et
412 1930 518 1981 loco,
537 1929 653 1985 apud
684 1929 816 1972 Perth
843 1929 890 1970 in
920 1928 1070 1971 Insula
1098 1928 1259 1970 Boriali
1277 1928 1369 1970 fieri
1387 1928 1568 1971 deberet.
1628 1928 1743 1971 Nam
1770 1942 1847 1984 per

340 1991 482 2030 totum
501 1988 753 2030 comitatum
770 1986 976 2042 Angusiae
1003 2000 1153 2042 pacem
1186 1999 1212 2028 a
1241 1986 1402 2041 rapinis
1433 1985 1663 2028 eorundem
1689 1986 1846 2028 habere

340 2059 428 2088 non
446 2049 615 2101 poterat
627 2044 676 2098 ;n
709 2058 759 2087 ac
778 2044 913 2087 eciam
941 2057 1029 2086 non
1056 2057 1132 2099 per
1150 2042 1309 2086 multos
1328 2044 1383 2086 ab
1403 2047 1529 2086 antea
1547 2043 1639 2087 dies
1657 2044 1754 2099 ipsi,
1774 2042 1845 2086 s.12

340 2104 569 2154 silvestres,
587 2103 726 2145 filium
744 2102 913 2145 comitis
933 2101 1176 2153 Buchaniae‚
1195 2114 1295 2144 cum
1313 2101 1463 2144 multis
1492 2101 1588 2144 aliis
1616 2101 1845 2152 nobilibus,

339 2161 420 2205 viz.
439 2161 690 2204 vicecomite
709 2160 761 2203 de
780 2161 969 2216 Augous,
994 2159 1043 2201 in
1072 2173 1222 2214 campo
1251 2159 1363 2202 bona
1387 2159 1536 2215 patriae
1569 2159 1846 2202 defendentes

339 2219 568 2262 crudeliter
580 2216 932 2262 interfecerunt¹³
970 2218 1148 2273 Propter
1165 2216 1329 2274 [quod]‚
1343 2231 1419 2273 per
1431 2221 1661 2260 tractatum
1676 2216 1844 2259 comitis

340 2278 395 2320 de
415 2277 626 2320 Craufurd
654 2280 699 2319 et
726 2276 909 2319 aliorum
936 2275 1145 2318 nobilium
1175 2274 1334 2330 patriae,
1354 2274 1655 2317 concordatum
1682 2275 1767 2317 fuit
1794 2278 1844 2316 ut

340 2335 616 2390 praemittitur
627 2351 640 2387 3
675 2338 718 2377 et
738 2335 784 2376 in
804 2334 958 2377 effectu
986 2332 1265 2384 deductum‚¹⁴
1282 2333 1396 2388 quod
1426 2346 1572 2375 omnes
1591 2346 1645 2375 ex
1664 2337 1844 2387 utraque

340 2398 461 2448 parte
480 2393 666 2436 finaliter
683 2397 836 2448 praeter
864 2395 1030 2447 septem
1058 2390 1186 2434 occisi
1205 2395 1328 2433 sunt:
1358 2391 1548 2446 quinque
1566 2404 1667 2432 vero
1685 2403 1738 2432 ex
1756 2402 1843 2431 una

340 2455 472 2506 parte,
491 2455 536 2494 et
556 2450 640 2493 duo
660 2464 715 2493 ex
743 2450 838 2501 alia,
857 2449 1052 2492 viventes
1081 2451 1318 2492 evaserunt.
1378 2448 1567 2499 Quorum
1587 2447 1768 2490 duorum
1787 2460 1842 2488 ex

340 2511 460 2564 parte
489 2508 766 2563 perdencium
793 2521 906 2550 unus
939 2507 1111 2563 fugatus
1143 2520 1280 2562 usque
1314 2505 1368 2549 ad
1396 2506 1556 2548 flumen
1582 2505 1634 2548 de
1663 2505 1778 2559 Taya
1797 2509 1842 2546 et

340 2565 455 2608 ultra
483 2566 673 2620 seipsum
701 2565 925 2608 natitando
958 2564 1142 2607 salvavit
1154 2579 1165 2617 ;
1203 2564 1313 2607 alter
1340 2577 1452 2614 ver0,
1479 2567 1641 2618 captus,
1659 2561 1843 2617 graciam

404 2691 418 2714 ¹
436 2691 474 2725 C.
495 2691 535 2724 E.
554 2689 710 2723 amicam.
761 2689 802 2722 D.
821 2689 1007 2722 substituta
1022 2687 1253 2722 concubinam
1269 2689 1363 2722 later.

404 2738 419 2761 ²
435 2739 473 2772 C.
491 2737 535 2771 D.
553 2736 699 2781 prolum.
795 2734 809 2756 ³
825 2735 863 2768 B.
882 2736 972 2768 adds
983 2734 1236 2768 Drummondii.
1330 2733 1345 2756 ‘¹
1361 2734 1397 2767 C.
1416 2733 1463 2766 xl.
1515 2733 1555 2766 E.
1574 2732 1680 2766 leaves
1691 2735 1716 2766 ic
1729 2734 1839 2768 blank.

404 2785 420 2808 ⁶
435 2785 472 2819 O.
490 2784 531 2818 E.
548 2782 698 2818 domina.
793 2780 808 2803 θ
824 2782 862 2815 Β.
883 2782 1073 2815 Dromond.
1122 2781 1160 2816 C.
1179 2782 1220 2815 E.
1239 2781 1458 2814 Drummont.
1506 2780 1550 2813 D.
1568 2780 1749 2814 Dromont.

404 2832 419 2855 ⁷
436 2833 476 2867 B.
494 2834 542 2866 et.
794 2826 809 2850 ⁸
825 2828 862 2862 C.
881 2828 921 2861 E.
938 2827 1088 2861 illorum.
1335 2825 1350 2848 ⁹
1366 2827 1404 2861 C.
1423 2827 1466 2860 D.
1484 2826 1524 2861 E.
1542 2830 1824 2872 compugnarent.

390 2878 420 2902 ¹⁰
434 2878 540 2913 armis
555 2876 668 2911 added
682 2877 718 2909 in
733 2877 878 2918 marqin.
926 2874 963 2908 C.
982 2875 1022 2908 Ε.
1040 2874 1198 2907 inermes.
1727 2874 1731 2878 '

390 2926 418 2949 ¹¹
435 2927 474 2961 C.
492 2926 532 2959 E.
550 2925 752 2968 potuerunt.
941 2920 969 2943 1²
986 2921 1023 2955 C.
1042 2921 1080 2954 E.
1098 2920 1213 2954 iidem.
1287 2968 1289 2971 ἡ
1403 2918 1432 2941 ¹³
1448 2920 1484 2954 C.
1503 2920 1543 2954 E.
1561 2919 1783 2955 interserunt.

390 2973 418 2995 ¹⁴
435 2974 471 3009 C.
490 2973 530 3006 Ε.
551 2974 588 3006 et
603 2971 640 3005 in
656 2970 818 3004 effectum
834 2968 1034 3009 deductum,
1052 2967 1180 3001 taliter.
