1982 3360
297 858 557 926 faemina?
593 859 749 925 capita
784 856 1113 926 capitulum&
1152 857 1306 913 attufit
1341 857 1485 914 libri?

149 965 485 1032 QORTUOE
499 982 672 1039 quidem
686 982 878 1039 principe
889 982 1113 1038 magnifico
1124 982 1382 1026 Alexandro.
1396 981 1446 1027 01.
1467 981 1499 1027 i.

143 1073 320 1117 Nobiles
339 1087 438 1117 vero
456 1073 576 1129 regni
594 1073 787 1129 praedicti
806 1086 905 1115 cum
923 1072 1123 1128 praelatis.
1393 1071 1443 1117 Εἰ.
1466 1071 1515 1117 ii.

142 1164 256 1207 Nam
274 1169 325 1207 ut
343 1164 494 1208 seriem
512 1164 573 1208 rei
591 1167 720 1221 gestae
740 1164 994 1208 evidencius.
1389 1163 1439 1209 ΕΣ.
1461 1163 1530 1209 iii.

141 1253 235 1296 Rex
253 1253 497 1310 hujusdem⁵
515 1255 634 1311 regni
652 1268 740 1297 non
755 1258 977 1298 coronatus
997 1266 1075 1297 nec
1093 1253 1308 1298 inunctus.
1387 1252 1438 1299 QL'.
1459 1252 1546 1298 iiii.

141 1344 310 1387 Primus
324 1344 434 1401 juris
453 1348 498 1388 et
517 1343 788 1387 consultoris⁶
806 1344 891 1387 fuit.
909 1344 1143 1401 episcopus.
1387 1343 1438 1389 OE.
1460 1349 1497 1388 h.

142 1434 279 1491 Super
295 1435 378 1479 hoc
398 1436 532 1479 eciam
551 1436 735 1492 amplius
751 1436 804 1479 ab
823 1435 908 1479 hiis
923 1436 1044 1492 juris.
1388 1435 1438 1482 et.
1460 1435 1517 1482 ni.

142 1526 348 1582 Magister
365 1526 544 1584 Egidius
564 1527 780 1570 Lamberti
799 1526 995 1571 decanus.
1387 1527 1438 1573 Εἰ.
1460 1526 1535 1573 hii.

142 1617 348 1673 Magister
368 1617 542 1670 Silvius,
560 1618 760 1674 magister
779 1618 1021 1670 Tancretus,
1040 1618 1250 1675 magister.
1387 1618 1437 1664 Εἰ.
1460 1618 1554 1665 biii.

140 1710 354 1754 Dominus
372 1710 620 1754 Willehnus
639 1711 789 1763 Bonet,
809 1725 1001 1754 summus
1020 1711 1175 1755 doctor.
1385 1711 1435 1757 01.
1456 1711 1514 1758 ix.

142 1804 347 1860 Magister
365 1805 572 1861 generalis
592 1805 772 1848 fratrum
791 1805 1015 1857 minorum,
1035 1805 1224 1850 consiliu.
1357 1814 1362 1818 '
1389 1804 1440 1851 QI.
1462 1819 1500 1851 x.

139 1894 269 1938 Anno
287 1909 386 1938 vero
406 1896 601 1952 sequenti
621 1895 805 1939 excitata
823 1901 889 1939 est
907 1897 1127 1941 discensio,
1387 1896 1438 1942 Εἰ.
1460 1896 1518 1942 xi.

139 1986 211 2028 Ad
230 1987 581 2043 interrogaciones
600 1988 711 2044 regis
730 1988 901 2044 Angliae
921 1989 1145 2045 quaedam!
1387 1988 1438 2034 Εἰ.
1461 1989 1536 2035 xii.

142 2078 206 2120 Ut
225 2081 369 2120 autem
388 2078 542 2122 clarius
562 2084 763 2136 appareat
781 2080 834 2123 de
849 2080 955 2136 jure.
1385 2080 1434 2126 QI.
1457 2080 1551 2127 xiii.

141 2169 435 2225 Regnantibus
455 2170 693 2214 successive
711 2171 880 2228 regibus
899 2171 1130 2214 Malcolmo
1150 2175 1194 2215 et
1211 2171 1442 2215 Willelmo.

1385 2261 1436 2308 (Ξῖ.
1457 2262 1570 2308 xiiii.

139 2350 208 2393 De
227 2348 414 2393 secunda
432 2364 531 2393 vero
550 2350 640 2393 filia
658 2350 851 2407 praedicti
869 2351 1038 2394 comitis
1056 2352 1211 2396 David.
1385 2352 1434 2400 OE.
1456 2359 1521 2400 κὴ.

139 2441 373 2484 Praedictus
393 2441 527 2484 eciam
547 2441 803 2484 Malcolmus
821 2442 970 2498 genuit
988 2456 1042 2486 ex
1061 2443 1273 2499 praedicta.
1385 2443 1434 2490 ΟΕ.
1456 2445 1539 2492 xhi.

137 2530 267 2574 Anno
285 2531 464 2574 Domini
485 2536 539 2574 ΜΟ
559 2530 647 2575 00⁰⁸
665 2532 938 2589 nonagesimo
960 2536 1005 2575 2⁰
1023 2532 1178 2576 ultimo
1196 2531 1266 2577 die
1284 2535 1454 2579 mensis.

1382 2624 1432 2671 ΟΕ.
1454 2626 1556 2673 xlvii.

139 2712 302 2755 Eodem
320 2726 419 2778 vero
439 2726 551 2755 anno
570 2709 698 2769 paulo
718 2717 818 2756 ante
837 2713 1085 2757 interfectus
1105 2714 1199 2757 fuit..
1385 2714 1434 2761 QZ.
1456 2716 1575 2762 xniii.

201 2835 215 2858 ¹
232 2837 269 2871 O.
287 2837 330 2871 D.
348 2837 396 2871 Et
411 2837 596 2881 incipiunt.
908 2836 923 2859 ²
938 2838 976 2872 O.
994 2838 1150 2882 capitula
1163 2839 1389 2874 rubricarum.

201 2881 216 2905 ³
232 2884 270 2918 B.
289 2884 327 2918 C.
346 2885 388 2918 D.
406 2885 479 2918 add
494 2885 602 2928 hujus
618 2884 740 2928 operis.
906 2883 921 2906 ⁴
936 2884 972 2919 O.
991 2887 1079 2927 yives
1094 2886 1146 2919 tlae
1162 2887 1248 2920 title&
1263 2887 1305 2929 of
1313 2887 1365 2920 the
1381 2887 1544 2930 chapters.

202 2928 217 2951 ⁶
233 2930 276 2964 D.
295 2931 487 2974 cujusdam.
908 2930 924 2953 ⁶
938 2932 978 2966 B.
997 2932 1175 2966 consultor
1189 2933 1262 2967 and
1277 2935 1374 2967 omits
1389 2937 1435 2968 et.

201 2975 215 3000 ⁷
233 2977 272 3012 B.
290 2977 333 3013 D.
354 2978 506 3022 quidam.
907 2976 922 3000 ⁸
938 2979 980 3013 D.
999 2981 1095 3013 omits
1110 2984 1172 3014 σοῦ.
