2008 3360
390 348 407 385 1
419 347 470 385 62
885 355 1011 386 LIBER
1025 348 1383 388 PLUSCARDENSIS.

500 526 713 581 §equitur
731 524 852 581 topia
871 525 1000 570 litera
1018 525 1193 638 vigalia
1207 526 1299 601 ‘regi
1319 525 1492 582 anglia
1507 528 1780 573 transmissa.

1092 628 1099 636 .
1121 606 1229 637 xxxx.

390 685 578 751 ΟΝ
579 700 817 744 IFAGIUS
849 701 1083 757 episcopus,
1112 715 1258 744 servus
1290 715 1505 745 servorum
1538 703 1635 755 Dei,
1668 703 1889 747 karissimo

388 761 435 801 in
468 759 637 802 Christo
665 758 783 811 filie,1
811 759 901 815 regi
928 759 1098 815 Angliae
1126 759 1295 811 illustri,
1326 759 1517 803 Salutem
1546 765 1590 803 et
1619 761 1892 828 apostolicam

388 817 741 860 benediccionem.
801 817 980 868 Scimus,
998 817 1074 868 fili,
1093 818 1218 884 quod,
1243 818 1360 874 longi
1383 819 1475 874 jam
1502 819 1706 875 temporis
1740 819 1893 874 spacio,

388 875 589 930 magistra
607 889 684 917 nos
703 888 844 917 rerum
873 875 1138 930 experiencia
1158 875 1312 927 docuit,
1333 876 1515 942 qualiter
1543 890 1639 943 erga
1658 877 1892 919 Romanam

388 937 569 975 matrem
603 932 835 983 ecclesiam,
864 947 959 988 quae
993 933 1041 974 in
1069 934 1300 976 visceribus
1331 937 1375 976 te
1409 934 1516 989 gerit
1550 934 1748 986 caritatis,
1767 935 1892 990 regiae

391 991 633 1033 devocionis
653 991 829 1033 affectus
845 990 1094 1033 exhibuerat
1107 992 1357 1034 reverencise
1373 992 1505 1044 zelus;
1526 992 1711 1047 quoque²
1724 1006 1894 1059 promp-

390 1052 475 1099 tus,
507 1052 550 1091 et
584 1048 696 1091 sedis
731 1049 822 1103 ejus
856 1048 967 1091 votis
1002 1049 1307 1104 obtemperans,
1340 1050 1616 1105 beneplacitis
1651 1050 1883 1116 acquiescis

392 1106 676 1157 Quamobrem
695 1106 859 1148 firmam
880 1120 998 1161 spem
1017 1106 1211 1162 gerimus,
1230 1107 1486 1162 plenamque
1509 1107 1708 1150 fiduciam
1728 1108 1892 1163 optine-

390 1178 499 1215 mus,
520 1163 634 1219 quod
662 1164 813 1219 regalis
843 1164 1083 1206 sublimitas
1103 1165 1231 1207 verba
1250 1168 1393 1207 nostra
1413 1165 1642 1208 clementer
1661 1165 1894 1221 suscipiet,3

391 1225 435 1264 et
465 1222 688 1277 diligenter
716 1221 937 1277 intelliget,
957 1225 1000 1264 et
1028 1222 1209 1277 benigne
1239 1226 1481 1277 exequetur.
1541 1223 1650 1266 Sane
1680 1224 1751 1266 ad4
1769 1223 1891 1266 celsi-

390 1279 586 1322 tudinem
615 1279 773 1335 regiam
806 1280 947 1335 potuit
975 1281 1227 1335 pervenisse,
1261 1284 1305 1322 et
1337 1281 1384 1322 in
1417 1284 1504 1322 tuse
1536 1280 1645 1323 libro
1678 1281 1890 1323 memoriae

390 1350 662 1392 nequaquam
700 1337 954 1392 ambigimus
993 1337 1210 1388 contineri,
1242 1338 1426 1393 qualiter
1462 1338 1516 1380 ab
1555 1338 1744 1393 antiquis
1782 1342 1890 1381 tem-

389 1395 563 1450 poribus
597 1408 774 1450 regnum
806 1395 962 1437 Scociae
992 1395 1118 1450 pleno
1147 1395 1243 1450 jure
1276 1396 1494 1451 pertinuit,
1525 1399 1566 1438 et
1602 1396 1656 1438 ad
1689 1396 1774 1439 huc
1797 1410 1891 1452 per-

389 1452 525 1494 tinere
555 1452 799 1503 dinoscitur,
819 1452 873 1494 ad
903 1453 1137 1495 Romanam
1167 1453 1387 1496 ecclesiam
1416 1453 1728 1509 supradictam3
1757 1454 1890 1509 quod-

390 1523 474 1564 que
503 1510 624 1560 illud,
643 1510 754 1552 sicut
783 1510 1022 1565 accepimus
1051 1525 1076 1552 a
1105 1511 1440 1566 progenitoribus
1468 1511 1567 1562 tuis,
1586 1511 1705 1567 regni
1722 1511 1892 1567 Angliae

389 1568 569 1623 regibus,
599 1568 689 1610 sive
717 1567 809 1618 tibi,
839 1568 1002 1610 feodale
1030 1582 1117 1610 non
1149 1568 1323 1611 extitit.⁵
1382 1569 1574 1620 Qualiter
1607 1569 1740 1611 eciam
1769 1569 1892 1611 clarae

389 1625 602 1667 memoriae
630 1639 704 1668 rex
734 1625 900 1681 Angliae
922 1626 1144 1677 Henricus,
1167 1630 1287 1681 pater
1315 1630 1428 1677 tuus,
1456 1630 1643 1682 tempore
1672 1626 1891 1669 discordiae

390 1696 478 1725 suae
506 1696 665 1738 guerrae
694 1682 806 1725 inter
824 1683 966 1738 ipsum
986 1687 1029 1726 et
1049 1684 1261 1739 quendam
1282 1684 1512 1740 Symonem
1532 1685 1584 1727 de
1605 1685 1755 1727 Monte
1775 1685 1892 1726 Forti

390 1754 573 1796 suosque
602 1740 786 1783 fautores
817 1745 860 1783 et
879 1741 1104 1796 complices
1134 1743 1357 1792 suscitatae,
1378 1756 1402 1784 a
1420 1742 1651 1784 recolendae
1679 1742 1891 1784 memoriae

389 1798 646 1850 Alexandro,
682 1799 872 1854 ejusdem
911 1799 1068 1841 Scociae
1107 1813 1213 1855 rege,
1248 1800 1302 1842 ab
1340 1799 1475 1855 ipsius
1515 1800 1692 1842 Henrici
1725 1813 1890 1855 genero,

390 1856 599 1898 auxilium
630 1856 712 1898 sibi
731 1857 862 1911 peciit
891 1856 1107 1909 exhiberi3
1136 1861 1190 1908 et,
1209 1871 1263 1899 ne
1292 1857 1535 1912 hujusmodi
1564 1857 1774 1899 auxilium
1792 1858 1888 1912 jure

390 1914 617 1969 cujuslibet
637 1914 917 1969 subjeccionis
946 1919 1022 1956 aut
1041 1914 1175 1956 debiti
1194 1915 1378 1970 petitum
1397 1918 1470 1957 aut
1490 1915 1728 1969 praestitum
1747 1928 1888 1957 narra-

389 1976 516 2022 retur,
534 1971 734 2027 praefatus
755 1972 967 2014 Henricus
988 1972 1125 2014 eidem
1139 1973 1228 2027 regi
1249 1972 1404 2014 Scociae
1425 1986 1521 2014 suas
1541 1972 1684 2014 literas
1696 1975 1890 2028 patentes

389 2029 516 2071 duxit
549 2029 847 2079 concedendas,
876 2043 951 2084 per
980 2030 1148 2071 easdem
1182 2029 1358 2072 firmiter
1384 2043 1682 2085 recognoscens
1715 2030 1891 2085 praedic-

390 2091 485 2128 tum
519 2087 728 2128 auxilium
763 2100 808 2129 se
836 2087 1041 2142 recepisse
1065 2087 1136 2129 vel
1164 2088 1448 2143 recepturum⁶
1467 2088 1519 2130 de
1548 2088 1686 2143 gracia
1716 2087 1890 2143 speciali

390 2144 624 2187 dumtaxat.
699 2145 904 2186 P1aeterea
942 2158 1051 2195 cum,
1086 2158 1282 2187 successu
1326 2146 1538 2200 temporis,
1577 2146 1743 2200 praefati
1781 2146 1890 2200 regis

390 2202 558 2253 Scociae‚
577 2202 644 2244 tui
663 2202 843 2253 sororis‚⁷
862 2206 966 2244 tunc
986 2203 1181 2253 viventis,
1197 2203 1243 2244 in
1262 2207 1348 2245 tuae
1368 2204 1653 2245 coronacionis
1673 2202 1889 2245 solemniis

388 2260 543 2302 habere
571 2260 845 2315 praesenciam
873 2260 1100 2311 affectares,
1129 2274 1204 2315 per
1230 2264 1326 2302 tuas
1353 2261 1495 2303 literas
1524 2264 1717 2316 patentes
1737 2259 1893 2302 caveri8

391 2318 593 2360 curavisti
613 2318 727 2372 quod
755 2318 802 2359 in
829 2318 933 2373 ipsis
965 2318 1181 2361 solemniis
1210 2319 1301 2373 ejus
1329 2318 1483 2361 habere
1511 2318 1784 2374 praesenciam
1803 2330 1888 2358 non

390 2388 445 2416 ex
474 2375 628 2426 debito,
652 2376 725 2418 sed
754 2379 924 2417 tantum
953 2389 1006 2418 ex
1035 2376 1185 2431 gracia,
1211 2376 1470 2419 intendebas.
1530 2376 1607 2426 Ac,
1627 2389 1725 2417 cum
1753 2374 1888 2416 eciam

390 2445 466 2473 rex
506 2432 598 2487 ipse
640 2447 716 2499 pro
756 2433 879 2476 terris
924 2433 976 2475 de
1020 2433 1223 2499 Tyndalis
1262 2437 1306 2476 et
1345 2434 1397 2476 de
1437 2410 1624 2483 Penritli,
1625 2432 1643 2458 ⁹
1679 2432 1727 2473 in
1759 2445 1887 2486 regno

389 2488 559 2544 Angliae
578 2491 739 2544 positis,
759 2504 804 2533 se
830 2491 885 2533 ad
903 2492 1177 2546 praesenciam
1205 2495 1325 2533 tuam
1343 2466 1624 2546 personaliter
1638 2489 1886 2531 contulisset

390 2546 472 2588 tibi
491 2547 738 2590 fidelitatem
769 2548 938 2590 solitam
966 2549 1244 2604 impensurus,
1247 2549 1279 2575 ¹⁰
1298 2549 1412 2590 idem
1440 2561 1525 2599 rex,
1544 2548 1591 2589 in
1611 2547 1886 2602 praestacione

390 2604 607 2646 fidelitatis
627 2604 883 2659 hujusmodi,
902 2609 1006 2647 tunc
1026 2606 1174 2648 multis
1193 2606 1484 2661 praesentibus,
1502 2605 1612 2647 vivae
1631 2604 1780 2646 vocis11
1796 2618 1887 2646 ora-

390 2661 486 2703 culo
509 2661 679 2717 publice
708 2662 936 2704 declaravit
956 2663 1070 2717 quod
1097 2677 1172 2718 pro
1200 2663 1322 2705 terris
1354 2663 1511 2704 eisdem
1541 2662 1634 2703 sitis
1663 2662 1710 2703 in
1729 2661 1887 2718 Anglia

451 2819 464 2841 ¹
482 2820 519 2854 O.
538 2820 578 2853 Ε.
597 2820 668 2853 add
683 2819 867 2852 Edwardo.
964 2818 978 2840 ²
994 2819 1032 2853 B.
1053 2819 1089 2853 C.
1109 2819 1148 2853 Ε.
1167 2819 1338 2863 quodque.

450 2866 464 2888 ³
481 2867 519 2900 O.
537 2867 577 2900 E.
595 2866 794 2910 susciperet,
815 2866 887 2899 and
902 2867 982 2900 omit
999 2868 1044 2899 et.
1187 2864 1202 2886 ⁴
1219 2866 1255 2899 C.
1275 2867 1315 2900 E.
1333 2868 1379 2899 et.
1544 2864 1559 2887 ⁵
1576 2865 1613 2899 C.
1632 2866 1671 2899 Ε.
1690 2866 1858 2899 extiterit.

450 2912 465 2934 Β
480 2914 519 2948 O.
537 2914 577 2948 E.
595 2915 827 2957 accepturum.
969 2911 983 2935 ⁷
1002 2913 1039 2947 O.
1059 2913 1097 2947 E.
1113 2913 1243 2947 sororii.
1278 2913 1320 2948 D.
1336 2912 1457 2946 sororii
1471 2913 1596 2946 altered
1607 2913 1692 2946 lacer
1704 2917 1736 2946 ιο
1749 2913 1883 2946 sororis.

449 2958 463 2980 ⁸
479 2961 517 2994 O.
535 2961 574 2995 E.
594 2971 724 2993 cavere.
1526 2957 1540 2979 ⁹
1558 2959 1594 2993 O.
1616 2960 1655 2993 E.
1675 2959 1834 3002 Pynrith.

431 3006 460 3029 ¹⁰
475 3006 615 3042 Altered
621 3008 720 3050 from
736 3017 958 3050 expensurus.
1516 3005 1543 3027 11
1561 3006 1597 3040 Ο.
1616 3006 1716 3041 votis.
