1994 3346
385 305 442 343 44
884 312 1010 343 mmm
1030 301 1386 343 rmscARnEusis.

385 416 545 468 volens,
579 416 680 460 bina
719 415 812 459 vice
852 415 1051 470 operariis
1081 414 1264 469 turpiter
1296 415 1464 470 fugatis,
1493 414 1748 471 quibusdam
1781 430 1882 459 vero

384 473 652 529 interemptis
673 474 724 516 de
745 474 1003 523 custodibus,
1019 472 1274 527 quibusdam
1294 473 1500 525 abductis,
1513 487 1671 517 novum
1685 475 1882 517 funditus

382 532 540 577 evertit
560 546 676 587 opus.
718 533 894 586 Propter
914 530 1028 585 quod
1046 544 1122 572 rex
1140 531 1171 573 J
1173 530 1361 572 ohannes
1376 530 1514 572 furore
1535 545 1771 583 succensus,
1783 547 1882 575 con-

385 593 554 645 gregato
574 589 773 639 exercitu,
793 588 1052 630 eversionem
1081 587 1182 629 novi
1202 588 1338 642 operis
1357 587 1573 630 vindicare
1601 590 1702 632 totis
1721 591 1882 632 viribus

386 651 562 688 conatur
573 662 584 700 ;
604 650 647 688 et
667 647 779 688 dicto
799 645 888 700 regi
906 645 1123 687 Wiuelmo
1142 645 1303 687 bellum
1317 645 1470 688 inferre
1490 645 1728 700 disponens,
1747 661 1882 703 usque

386 704 441 746 ad
455 705 649 755 Norame,
665 717 795 758 prope
814 703 974 744 flumen
995 702 1047 745 de
1062 702 1231 753 Tuede,1
1246 703 1441 758 potencia
1459 703 1603 745 valida
1621 705 1882 759 perveniens,

384 761 473 816 regi
500 761 717 803 Willelmo
749 760 863 815 apud
892 759 1124 816 Roxburgh
1152 760 1353 803 existenti
1372 760 1550 803 nuncios
1570 761 1820 804 insidiarum
1839 766 1882 805 et

385 818 636 860 diffidenciae
664 818 909 860 transmisit.
968 818 1062 860 Rex
1080 831 1179 860 vero
1198 818 1453 869 Willelmus,
1472 818 1769 874 praedictorum
1796 833 1883 862 non

385 876 556 927 inscius,
586 876 634 917 in
663 876 907 931 oppositum
939 875 1160 931 magnifice
1189 876 1394 927 munitus,
1415 890 1470 927 se,
1492 890 1589 918 suos
1621 879 1664 918 et
1693 890 1770 919 sua
1783 877 1882 932 jura

385 934 675 976 strenuissime
695 933 917 976 defendere
936 933 1102 989 paravit
1109 949 1119 985 ;
1149 933 1293 988 sicque
1318 933 1471 975 deinde
1498 934 1667 976 nunciis
1685 934 1882 989 plurimis

385 990 487 1033 hinc
506 991 606 1033 inde
624 992 895 1042 transmissis,
924 1005 1022 1033 cum
1042 991 1231 1046 epistolis
1250 991 1478 1033 literatorie
1499 991 1609 1034 datis
1629 995 1672 1034 et
1690 993 1882 1047 receptis,

384 1062 460 1090 rex
489 1049 731 1091 Willelmus
766 1049 902 1091 sciens
937 1062 981 1091 se
1007 1049 1169 1104 justam
1208 1049 1422 1103 querelam
1444 1049 1620 1100 habere,
1650 1049 1704 1092 ad
1738 1049 1881 1092 defen-

384 1106 547 1149 sionem
560 1107 669 1162 juris
689 1106 757 1149 sui
775 1106 1050 1149 immobiliter
1068 1111 1112 1148 et
1131 1106 1317 1148 animose
1337 1106 1630 1161 permanendo,
1644 1107 1774 1150 nullis
1790 1121 1882 1150 ver-

383 1164 450 1206 bis
462 1165 584 1207 vanis
600 1168 674 1208 aut
687 1164 1030 1220 persuasionibus
1046 1164 1294 1219 deceptoriis
1314 1164 1532 1206 intendere
1546 1164 1725 1207 volebat.
1789 1165 1882 1207 Rex

383 1235 483 1264 vero
511 1222 679 1278 Angliae
713 1222 836 1277 plura
867 1221 1068 1264 mandata
1097 1225 1140 1264 et
1169 1221 1486 1264 exhortaciones
1515 1221 1737 1277 plurimas2
1765 1222 1879 1265 dicto

383 1279 614 1330 willelmo,
628 1279 986 1322 intercedentibus
1015 1279 1211 1334 praelatis,
1226 1279 1498 1321 multiformis
1517 1279 1764 1331 transmisit,
1785 1294 1880 1336 quae

385 1350 464 1378 nec
484 1351 584 1379 vera
612 1351 690 1380 nec
714 1338 803 1393 juri
832 1351 1014 1380 consona
1034 1341 1108 1379 aut
1137 1337 1371 1379 incolarum
1399 1337 1519 1392 regni
1538 1337 1663 1379 utilia
1681 1337 1883 1388 fuerunt,a

384 1394 459 1436 sed
487 1395 659 1437 omnino
689 1398 834 1437 contra
862 1395 1021 1450 regiam
1049 1394 1311 1449 majestatem
1344 1398 1387 1437 et
1415 1394 1534 1450 regni
1561 1395 1800 1437 libertatem
1830 1409 1879 1437 ac

382 1451 618 1494 incolarum
631 1453 864 1495 utilitatem
876 1456 1005 1495 erant.
1051 1452 1215 1503 Quibus
1235 1452 1431 1494 omnibus
1447 1453 1671 1503 evacuatis,
1684 1452 1878 1495 refutatis

382 1512 426 1552 et
445 1509 640 1560 exclusis,
659 1524 734 1552 rex
749 1510 833 1552 alia
846 1510 1004 1565 majora
1019 1509 1178 1552 eisdem
1198 1523 1242 1551 se
1261 1509 1453 1564 protinus
1468 1509 1707 1552 inserenda⁴
1721 1524 1880 1553 assere-

382 1566 480 1620 bat;
505 1568 661 1623 quibus
682 1568 879 1610 omnibus
909 1567 986 1609 alti
1006 1567 1142 1609 cordis
1162 1567 1475 1609 intencionibus
1495 1581 1581 1609 non
1600 1568 1879 1619 obstantibus,

380 1624 739 1667 intercedentibus
754 1625 976 1680 utriusque
991 1625 1109 1680 regni
1122 1624 1307 1679 praelatis
1323 1638 1372 1667 ac
1387 1625 1482 1666 aliis
1496 1625 1747 1680 proceribus,
1761 1626 1878 1681 pacis

381 1683 651 1734 amatoribus,
665 1697 740 1725 rex
759 1682 1006 1738 Anglorum,
1022 1682 1098 1737 qui
1115 1682 1274 1737 majora
1292 1682 1340 1724 in
1358 1682 1549 1738 partibus
1564 1682 1714 1725 Galliae
1726 1683 1878 1725 habuit

381 1740 627 1795 peragenda,
648 1754 745 1783 cum
774 1754 870 1796 rege
900 1740 1132 1791 Scotorum,
1152 1740 1463 1795 consanguineo
1492 1754 1580 1791 suc,
1599 1740 1878 1783 amicabiliter

381 1798 657 1841 concordatus
677 1803 752 1850 est,
771 1798 873 1841 licet
892 1798 967 1840 diu
986 1801 1083 1854 post
1101 1797 1181 1840 hoc
1200 1811 1286 1840 non
1306 1798 1485 1841 duravit.

459 1968 673 2026 §mitur
691 1970 739 2016 hc
753 1969 1046 2016 instabilitate
1064 1968 1307 2027 gualorum
1321 1971 1362 2016 zi
1379 1969 1694 2027 pnffhiafi—Qt.
1714 1970 1772 2016 xl.

382 2044 763 2114 FOSTQUAM
782 2062 912 2119 igitur
929 2077 1004 2106 rex
1017 2062 1272 2114 Willelmus,
1287 2063 1363 2118 qui
1377 2063 1452 2106 diu
1466 2064 1674 2119 posterius
1694 2064 1877 2120 graviter

304 2137 306 2140 ·
380 2120 684 2172 infirmabatur,
704 2121 931 2172 convaluit,
952 2124 996 2163 et
1015 2135 1113 2163 cum
1139 2134 1235 2176 rege
1253 2120 1488 2176 Anglorum
1517 2121 1728 2164 inducias⁶
1755 2123 1872 2177 pacis

379 2178 694 2233 aliquantulum
723 2178 916 2230 habebat,
936 2178 1111 2221 consilio
1139 2178 1325 2234 generali
1343 2193 1419 2234 per
1438 2193 1536 2222 eum
1565 2179 1679 2235 apud
1698 2179 1876 2235 Stirling

378 2239 510 2286 tento,
548 2240 591 2279 et
630 2236 800 2279 nunciis
842 2236 984 2279 missis
1022 2235 1224 2291 praedicto
1265 2236 1354 2292 regi
1392 2236 1610 2279 Willelmo
1651 2251 1727 2293 pro
1770 2251 1873 2292 pace

378 2292 573 2335 habenda
592 2298 635 2336 et
654 2298 747 2336 tute
766 2293 983 2344 firmanda,
1002 2293 1180 2336 nuncios
1200 2294 1362 2336 nobiles
1382 2294 1568 2347 remisit;
1597 2295 1752 2350 quibus
1775 2308 1873 2336 cum

379 2363 524 2391 eorum
542 2351 894 2394 instructionibus
924 2351 1094 2403 auditiS,
1113 2364 1188 2394 rex
1206 2351 1236 2395 J
1239 2351 1425 2395 ohannes
1446 2352 1569 2407 quasi
1587 2351 1713 2394 furio⁷
1731 2355 1872 2394 tactus

378 2407 608 2458 insaniens,
621 2412 663 2450 et
677 2412 778 2451 vota
796 2423 949 2464 magna
964 2422 1103 2465 regem
1124 2413 1167 2451 et
1186 2422 1363 2464 regnum
1383 2408 1558 2452 Soociae⁸
1575 2409 1871 2452 comminando

378 2465 588 2515 emittens,
609 2466 757 2508 nuncii
769 2467 924 2508 reversi
943 2480 1042 2509 cum
1060 2467 1270 2522 responsis
1291 2480 1377 2508 non
1390 2467 1596 2522 gratuitis,
1607 2481 1747 2522 regem
1762 2467 1872 2508 Wila

375 2521 554 2564 lelmum
582 2523 696 2577 apud
724 2524 871 2565 Forfar
898 2524 1174 2574 invenientes,
1194 2524 1331 2566 eidem
1358 2537 1545 2566 rumores
1574 2528 1618 2566 et
1647 2537 1757 2566 nova
1785 2538 1871 2566 non

378 2579 566 2622 multum
595 2580 812 2635 placencia
831 2586 875 2623 et
893 2581 1113 2636 inopinata
1135 2581 1380 2624 retulerunt.
1443 2581 1548 2632 Quae
1567 2595 1666 2623 cum
1684 2582 1873 2624 audisset

377 2650 454 2680 rex
488 2637 744 2689 Willelmus,
764 2639 910 2680 statim
938 2638 1116 2680 consilio
1147 2638 1304 2690 habito,
1333 2639 1476 2681 omnia
1504 2639 1676 2681 castella
1705 2643 1749 2682 et
1781 2639 1874 2682 loca

437 2766 450 2789 ¹
467 2767 505 2803 O.
524 2768 565 2802 E.
582 2767 734 2803 Tweide.
1317 2767 1331 2790 ²
1348 2768 1386 2803 C.
1404 2769 1443 2803 E.
1462 2769 1588 2813 plures.

437 2814 452 2836 ⁸
468 2815 505 2849 C.
522 2815 562 2848 Ε.
581 2818 661 2848 omit
676 2815 936 2855 aut—fuerunt,
956 2814 1029 2848 aml
1043 2814 1115 2848 add
1131 2813 1349 2849 videbantur.

436 2860 450 2882 ⁴
466 2862 651 2895 inserenda
666 2864 701 2895 in
717 2864 851 2904 maryin
868 2862 961 2896 lacer.
1011 2862 1047 2897 O.
1066 2862 1106 2895 E.
1124 2861 1261 2897 inferro.
1309 2862 1351 2907 B,
1368 2861 1410 2897 D.
1428 2862 1618 2907 inferenda.

437 2906 452 2929 ³
469 2909 506 2943 O.
525 2909 564 2943 E.
582 2910 663 2943 omit
678 2911 714 2942 et
729 2909 881 2952 perfidia.
1313 2908 1329 2930 ⁶
1343 2907 1500 2944 inducias
1518 2912 1553 2943 in
1568 2912 1702 2953 marqin
1718 2911 1814 2947 later.

437 2953 451 2978 7
468 2956 505 2990 C.
519 2955 611 2990 furio
623 2956 749 2990 altered
764 2961 797 2992 to
809 2956 908 2990 furie.
958 2955 998 2990 E.
1013 2955 1112 2990 iux-ie.
1267 2984 1272 2989 .
1312 2954 1326 2977 ⁸
1343 2956 1380 2990 B.
1399 2958 1494 2991 omits
1510 2957 1647 2992 Seoeiae.
