2008 3360
735 310 862 341 LIBER
881 309 1084 342 DECIMUS.
1589 303 1638 340 31
1652 304 1672 341 7

163 417 299 459 nostri
319 431 435 473 reges
465 417 653 459 Franciae
673 430 759 458 non
779 416 996 471 paciemur
1016 428 1094 457 nec
1115 414 1260 469 aliqua
1279 414 1351 456 via
1371 414 1678 456 sustinebimus

163 475 327 530 aliquos
340 476 392 518 de
405 476 560 517 nostris
574 475 775 530 subjectis
788 475 924 516 facere
936 474 1007 515 vel
1020 473 1118 515 dare
1126 472 1440 528 quodcumquel
1453 472 1678 522 auxilium,

162 534 400 584 consilium,
415 534 486 576 vel
506 534 694 575 favorem
709 532 923 588 praedictis
945 532 1033 586 regi
1052 531 1233 586 Angliae,
1248 529 1600 587 heredibus[que]
1618 530 1678 572 et2

163 593 476 633 successoribus
507 592 610 646 ejus,
631 590 954 633 auxiliatoribus
974 589 1045 632 vel
1075 589 1372 631 confoederatis
1386 604 1396 641 ;
1426 602 1505 631 nec
1533 602 1678 630 secum

161 649 234 699 ire,
255 650 326 692 vel
344 650 392 691 in
412 650 503 704 ejus
534 649 793 704 adjutorium
823 647 1085 703 stipendiari,
1105 651 1179 689 aut
1209 661 1477 702 quacumque
1504 647 1587 689 alia
1606 647 1679 688 via

162 707 271 749 sine3
296 708 507 762 stipendio
542 721 637 762 quae
668 707 750 749 sibi
779 707 867 761 regi
896 706 1065 761 Angliae
1094 705 1230 760 possit
1262 705 1461 760 prodesse
1490 708 1534 746 et
1563 704 1678 746 dicto

161 765 249 819 regi
289 766 446 808 Scociae
485 765 642 816 obesse,
676 764 746 807 vel
784 765 918 806 eciam
958 764 1299 818 quibuscumque
1338 763 1435 805 aliis
1474 762 1678 818 personis,

162 823 359 874 inimicis,
379 823 640 874 adversariis,
660 823 728 865 vel
748 822 977 864 rebellibus
998 821 1101 876 ejus,
1121 821 1200 863 viz.
1223 820 1344 863 dicti4
1363 820 1678 875 consanguinei,

162 881 232 922 vel
245 882 281 936 ej
287 895 336 923 us
349 881 514 923 heredis
528 885 570 923 et
583 879 864 930 successoris,⁵
871 880 1059 935 ejusdem
1072 893 1200 934 regno
1214 893 1289 921 seu
1300 878 1678 921 communitatibus

162 939 355 993 ejusdem
385 953 460 981 seu
490 939 614 981 aliter
632 938 893 994 gravamine⁶
912 937 1230 992 quomodolibet
1259 937 1552 987 inferentibus,
1572 950 1678 991 prae-

157 997 369 1051 judicium
386 998 475 1039 sive
491 997 725 1051 dampnum
738 995 1064 1051 quodcumque.⁷
1122 995 1179 1036 Et
1195 995 1242 1045 si,
1258 998 1356 1049 post
1371 994 1678 1036 inhibicionem

161 1054 232 1096 vel
252 1054 541 1096 defensionem
561 1054 810 1109 generaliter
831 1067 958 1108 super
972 1053 1201 1108 praemissis
1221 1053 1391 1103 factam,
1410 1051 1605 1107 reliquis8
1624 1052 1678 1094 de

162 1113 317 1154 nostris
347 1126 443 1154 reus
473 1112 602 1154 fuerit
635 1113 851 1162 inventus,
872 1111 947 1153 ille
983 1111 1058 1166 qui
1087 1111 1190 1152 fecit
1210 1111 1279 1152 vel
1310 1111 1386 1165 qui
1420 1111 1679 1152 contrarium

161 1170 265 1211 facit
295 1171 495 1224 capietur,
516 1174 558 1212 et
578 1173 784 1224 tanquam
804 1169 994 1224 proditor
1014 1173 1057 1210 et
1076 1168 1247 1210 rebellis
1276 1172 1422 1210 contra
1441 1168 1679 1223 principem

162 1232 206 1270 et
224 1229 407 1282 patriam
427 1228 518 1283 ejus
554 1228 768 1282 punietur,
789 1240 1035 1281 nuncquam
1055 1226 1101 1267 in
1122 1229 1341 1281 posterum
1361 1226 1413 1267 de
1434 1226 1679 1281 hujusmodi

162 1286 405 1341 prodicione
425 1285 621 1341 graciam,
643 1286 843 1336 favorem,
864 1290 939 1326 aut
959 1284 1251 1326 remissionem
1271 1283 1504 1326 habiturus.

299 1466 514 1522 &quitur
534 1468 584 1512 ah
609 1468 686 1512 hm:
705 1468 753 1512 he
773 1467 921 1517 zohzm,
945 1480 1037 1512 tum
1057 1466 1432 1512 {minutiis—01.
1456 1466 1542 1511 iiii.

163 1559 353 1622 εΞὟῙΞΤΕΜ
373 1577 487 1632 quod
507 1577 737 1620 adversarii
758 1578 849 1620 sive
876 1577 1050 1619 notorii⁹
1070 1578 1247 1620 rebelles
1269 1577 1404 1619 nostri
1424 1577 1494 1619 vel
1515 1590 1680 1619 succes-

164 1648 307 1676 sorum
327 1640 566 1677 nostrorum
592 1650 738 1691 regum
759 1636 948 1677 Franciae
968 1639 1011 1677 et
1032 1636 1200 1685 Scociae,
1220 1640 1296 1677 aut
1315 1635 1454 1689 regnis
1475 1635 1682 1686 eisdem‚1⁰

164 1706 243 1734 nec
263 1693 309 1734 in
329 1698 474 1748 aperto
495 1707 573 1735 nec
594 1694 641 1734 in
660 1694 826 1747 privato
847 1693 1106 1748 recipiantur
1125 1694 1237 1734 infra
1256 1707 1433 1748 regnum
1453 1693 1525 1734 vel
1544 1693 1682 1735 domi-

163 1751 285 1792 nium
315 1751 500 1802 alterius,
531 1751 747 1806 quamcito
784 1765 896 1793 unus
926 1765 1072 1806 regum
1103 1751 1157 1792 ab
1187 1751 1272 1792 alio
1308 1751 1570 1805 requiratur-3
1605 1750 1680 1792 sed

164 1809 427 1850 servabimus
463 1814 507 1851 et
540 1809 870 1864 procurabimus,
900 1810 1026 1864 juxta
1061 1822 1183 1863 posse
1218 1813 1422 1858 nostrum,
1443 1809 1600 1850 amicos
1636 1814 1680 1851 et

165 1867 470 1909 confoederatos
491 1870 656 1909 nostros
678 1881 726 1909 ac
747 1881 893 1909 omnes
910 1868 1032 1908 nobis
1053 1867 1314 1908 adhaerentes
1335 1867 1389 1908 ad
1404 1866 1680 1908 dileccionem

165 1928 208 1966 et
224 1924 483 1979 adjutorium
496 1925 599 1967 dicti
615 1926 748 1967 nostri
763 1925 1066 1980 consanguinei
1086 1925 1307 1967 Scotorum
1322 1924 1431 1980 regis
1448 1927 1490 1966 et
1506 1938 1679 1966 suorum

165 1996 465 2034 successorum,
481 1997 529 2025 ac
543 1983 733 2038 ejusdem
753 1983 872 2038 regni
887 1983 1214 2025 communitates
1224 1982 1273 2035 ;11
1303 1996 1469 2024 necnon
1489 1982 1679 2036 ipsorum

164 2040 538 2094 vituperacionem,
560 2041 744 2092 dedicus,
765 2041 1038 2096 opprobrium
1068 2042 1157 2083 sive
1174 2041 1383 2095 jacturam
1410 2041 1537 2095 juxta
1556 2054 1679 2095 posse

164 2097 458 2152 impediemus.
519 2100 630 2141 Item
662 2099 776 2153 quod
810 2113 898 2140 non
931 2099 1163 2153 poterimus
1194 2113 1341 2153 capere
1376 2102 1544 2153 treugas
1580 2112 1679 2140 cum

165 2155 279 2197 dicto
299 2170 395 2211 rege
415 2156 630 2211 Angliae,12
650 2157 888 2207 heredibus,
909 2157 979 2199 vel
999 2158 1090 2211 ejus
1120 2157 1444 2207 successoribus,
1466 2157 1558 2197 sine
1578 2169 1679 2198 con—

166 2227 294 2255 sensu
314 2214 420 2255 dicti
438 2215 548 2269 regis
579 2215 746 2265 Scociae‚
767 2215 1070 2270 consanguinei
1099 2215 1245 2265 nostri,
1265 2214 1432 2256 heredis
1453 2217 1496 2256 et
1515 2228 1679 2256 succes-

164 2270 303 2313 soris13
333 2272 435 2326 ejus,
456 2272 589 2314 donec
617 2273 709 2327 ipse
737 2286 823 2323 rex,
847 2287 1025 2328 regnum
1055 2276 1098 2314 et
1128 2272 1454 2314 communitates
1485 2272 1676 2327 ejusdem

164 2329 276 2370 infra
289 2329 422 2371 dictas
439 2334 606 2385 treugas
622 2330 1045 2385 comprehendantur,
1057 2330 1127 2372 vel
1143 2330 1256 2385 quod
1271 2330 1356 2385 ipsi
1371 2333 1553 2371 renuant
1567 2330 1679 2371 infra

165 2386 300 2429 dictas
320 2391 489 2443 treugas
510 2388 819 2442 comprehendi.
879 2388 991 2430 Item
1022 2387 1136 2443 quod
1165 2402 1252 2429 non
1280 2388 1513 2442 poterimus
1542 2388 1678 2430 facere

165 2459 313 2500 pacem
344 2460 441 2487 cum
462 2446 576 2488 dicto
610 2459 706 2501 rege
725 2446 894 2501 Angliae
914 2450 989 2488 aut
1025 2447 1116 2500 ejus
1151 2446 1376 2488 heredibus
1410 2446 1480 2488 vel
1514 2460 1681 2488 succes-

165 2503 341 2554 soribus,
371 2503 463 2545 sine
498 2517 694 2559 expresso
729 2518 938 2546 consensu
972 2504 1078 2546 dicti
1111 2504 1246 2546 nostri
1280 2504 1594 2559 consanguinei,
1630 2508 1680 2545 ut

228 2626 241 2647 ¹
258 2627 299 2660 D.
319 2638 547 2671 quocumque.
756 2626 769 2647 2
787 2628 822 2661 O.
842 2629 882 2662 E.
898 2629 963 2662 vel.
1252 2627 1267 2650 3
1283 2630 1320 2661 B.
1341 2629 1423 2662 sive.

229 2672 242 2694 ⁴
260 2675 297 2707 C.
316 2675 355 2707 E.
375 2675 447 2707 add
463 2675 585 2708 nostri.

229 2720 243 2741 ⁵
261 2721 297 2754 C.
317 2722 356 2754 E.
376 2722 543 2755 heredum
560 2725 596 2755 et
610 2733 824 2755 successores
844 2722 891 2763 (C.
911 2723 1039 2755 altered
1057 2727 1089 2756 to
1105 2723 1336 2764 successoris).

229 2766 244 2788 ⁶
260 2768 294 2801 C.
315 2768 356 2801 D.
376 2769 414 2802 E.
433 2779 632 2812 gravamen.
759 2768 772 2791 ⁷
791 2770 828 2803 O.
848 2770 888 2802 E.
909 2780 1140 2813 quocumque.
1259 2769 1273 2792 ⁸
1292 2771 1328 2804 C.
1348 2770 1389 2803 D.
1409 2770 1448 2803 E.
1468 2769 1604 2813 aliquis.

228 2812 243 2834 9
260 2815 296 2847 C.
316 2815 357 2848 D.
376 2816 514 2849 notarii.

215 2859 242 2881 ¹⁰
259 2861 296 2894 C·
316 2862 354 2895 Ε.
375 2863 459 2896 have
482 2874 603 2907 regum
629 2863 784 2896 Franciae
802 2863 858 2896 vel
874 2863 961 2897 dicti
985 2864 1234 2908 consanguinei
1250 2864 1363 2897 nostri
1389 2864 1572 2897 Scotorum
1588 2863 1679 2907 regis

168 2911 230 2940 aut
248 2909 346 2951 regni
363 2910 530 2951 ejusdem.
674 2910 700 2931 ¹¹
719 2911 755 2944 C.
774 2911 814 2944 E.
834 2912 1105 2945 communitatis.
1240 2911 1266 2933 ¹2
1284 2912 1321 2945 B.
1342 2911 1544 2955 Anglorum.

217 2953 245 2975 ¹³
261 2955 297 2988 C.
317 2956 355 2988 E.
375 2957 608 3001 heredumque
625 2960 662 2991 et
679 2969 924 2992 successorum.
