2008 3360
376 330 456 369 176
871 338 998 368 LrssER
1018 337 1373 369 PLUSGARDENSIS.

371 442 478 498 quin
506 442 561 485 ad
590 456 737 498 pacem
765 442 879 484 inter
906 445 950 483 te
980 444 1023 483 et
1052 441 1195 496 ipsum
1223 446 1427 497 perpetuo
1456 444 1786 487 conservandam
1805 444 1872 486 in-

368 501 584 543 tendimus
614 501 826 549 affectum,
855 504 905 541 et
935 512 1059 554 opem
1089 499 1333 554 impendere
1364 513 1413 542 ac
1445 513 1616 555 operam
1649 502 1871 553 efficacem,

368 564 586 614 sperantes
616 563 659 600 et
687 557 888 598 fiduciam
915 556 1082 598 firmam
1107 556 1311 599 habentes
1332 557 1446 613 quod
1472 558 1643 613 utrique
1671 573 1797 616 regno
1818 561 1870 602 de

367 615 615 671 hujusmodi
634 614 857 657 concordia
875 627 1030 670 magna
1048 614 1110 657 rei
1129 615 1311 670 publicae
1337 615 1501 657 utilitas
1521 629 1575 658 ex
1603 616 1702 659 inde
1722 618 1872 660 debeat

367 673 616 729 pervenire.1
675 672 787 714 Sane
815 671 930 714 idem
959 686 1034 714 rex
1053 672 1100 714 in
1119 676 1265 715 nostra
1288 686 1423 728 nuper
1441 674 1670 728 praesencia
1689 674 1790 717 fecit
1807 689 1871 718 re-

368 731 489 773 citari
510 730 623 786 quod
638 730 730 785 jam
749 730 911 771 dudum
930 729 1042 772 inter
1060 730 1183 772 clarae
1202 731 1414 773 memoriae
1439 731 1676 773 Hem-icum
1704 731 1871 787 Angliae

368 793 412 831 et
450 789 480 831 J
482 788 705 839 ohannem,
743 791 907 842 patrem
946 801 1084 839 suum,
1124 802 1177 830 ex
1215 793 1334 843 parte
1377 802 1475 839 una,
1514 792 1558 831 et
1595 788 1871 842 Willelmum,

366 849 532 901 patrem
570 850 706 896 tuum,
741 845 960 887 Scotorum
1000 859 1151 901 regem,
1183 859 1236 888 ex
1274 846 1410 901 parte²
1442 846 1582 897 altera,
1618 847 1871 902 composicio

366 903 603 946 amicabilis
623 903 863 945 intercessit
876 903 909 956 ;⁸
937 917 1012 959 per
1026 903 1172 959 quem*
1186 904 1278 959 ipse
1293 904 1538 947 Willelmus
1558 904 1771 959 praedictis
1792 919 1871 947 avo

367 967 411 1004 et
430 962 542 1017 patri
562 975 611 1004 ac
631 961 770 1004 eidem
790 961 888 1016 regi,
910 966 953 1003 et
972 964 1021 1003 tu
1041 961 1330 1017 privilegium⁵
1348 961 1594 1017 homagium
1614 962 1771 1005 fecisti⁰
1790 963 1873 1005 sibi

366 1033 416 1062 ac
435 1019 699 1070 fidelitatem,
719 1033 815 1074 quae
834 1023 1036 1061 tenentur
1055 1033 1314 1062 successores
1338 1020 1415 1070 tui,
1436 1019 1612 1062 comites
1632 1023 1676 1062 et
1695 1020 1872 1063 barones

366 1078 524 1120 Scociae
565 1077 650 1132 ipsi
689 1081 732 1119 et
771 1077 1082 1119 successoribus
1124 1077 1214 1119 suis
1253 1077 1478 1130 exhibere3
1525 1091 1574 1120 ac
1614 1078 1788 1120 comites
1827 1082 1871 1121 et

364 1135 542 1178 barones
570 1134 762 1190 praedicti
782 1148 873 1177 esse
903 1148 1001 1176 cum
1020 1134 1146 1176 dictis
1176 1135 1343 1191 regibus
1362 1135 1530 1191 Angliae
1560 1140 1705 1177 contra
1728 1149 1870 1191 regem

366 1193 534 1243 Scociae,
549 1193 587 1235 si
606 1192 961 1248 composicionem
981 1192 1158 1234 eandem
1177 1206 1264 1234 non
1283 1196 1478 1235 servaret.
1540 1192 1664 1243 Quod
1684 1193 1722 1235 si
1736 1194 1870 1236 eciam

363 1251 558 1293 homines
591 1250 719 1292 unius
754 1250 948 1305 fugerent
981 1250 1035 1291 ad
1069 1263 1247 1305 regnum
1281 1250 1466 1301 alterius,
1500 1254 1619 1292 metu
1654 1251 1869 1292 commissi

364 1309 567 1359 criminis,
586 1308 659 1350 ille
679 1322 728 1350 ac
757 1307 951 1350 homines
980 1307 1049 1349 sui
1078 1307 1256 1350 eosdem>
1275 1308 1323 1349 in
1351 1312 1462 1350 terra
1491 1321 1568 1350 sua
1596 1308 1868 1363 attemptare⁷

362 1380 451 1408 non
484 1366 611 1408 debet
623 1381 634 1418 ;
673 1379 721 1407 ac
751 1365 972 1420 utriusque
1003 1365 1111 1420 regis
1139 1365 1332 1408 homines
1363 1368 1495 1407 terras
1528 1379 1632 1420 quas
1662 1366 1709 1407 in
1738 1380 1867 1421 regno

363 1423 537 1466 alterius
566 1422 745 1474 habuit‚⁸
763 1422 832 1465 vel
855 1437 930 1478 per
954 1423 1307 1478 composicionem
1335 1422 1583 1473 habuerant,
1604 1424 1866 1478 optinebunt.

364 1481 492 1524 Unde
521 1481 637 1523 idem
656 1495 731 1523 rex
752 1481 873 1522 nobis
902 1480 1122 1522 humiliter
1141 1481 1399 1535 supplicavit
1428 1485 1478 1523 ut
1507 1481 1727 1535 praefatam
1754 1495 1866 1523 com-

360 1539 622 1594 posicionem
655 1538 885 1594 apostolico
925 1538 1194 1593 dignaremur
1226 1538 1464 1580 munimine
1498 1538 1699 1580 roborare.
1770 1539 1864 1590 Quo

361 1602 405 1639 te
435 1595 562 1639 circa⁹
586 1596 821 1652 rogandum
851 1595 1052 1638 duximus
1082 1599 1124 1638 et
1154 1595 1465 1638 exhortandum
1490 1600 1713 1651 quatenus,
1733 1597 1788 1638 ad
1817 1611 1866 1639 ea

360 1668 456 1710 quae
484 1654 600 1710 pacis
630 1657 732 1696 sunt
760 1653 1046 1695 intencionem
1067 1657 1187 1695 tuam
1217 1654 1412 1710 dirigens,
1433 1667 1482 1696 ea
1501 1667 1596 1708 quae
1626 1654 1680 1696 ad
1710 1654 1865 1696 discor-

359 1713 476 1754 diam
510 1717 554 1754 et
587 1711 898 1754 discensionem
931 1711 1141 1766 pertinere
1169 1710 1436 1753 dinoscitur¹⁰
1464 1711 1693 1766 prudenter
1719 1712 1865 1762 evites,

359 1775 402 1812 et
422 1770 777 1825 composicionem
797 1782 893 1824 quae
921 1782 997 1824 pro
1026 1769 1126 1811 inde
1146 1768 1258 1811 facta
1277 1769 1371 1820 fuit,
1392 1772 1435 1812 et
1464 1770 1517 1811 ab
1540 1773 1716 1824 utraque
1745 1773 1864 1824 parte

358 1832 528 1894 recepta
566 1832 610 1870 et
648 1831 799 1882 sponte
842 1826 1038 1877 admissa,
1077 1826 1247 1869 studeas
1288 1827 1512 1882 diligenter
1550 1827 1780 1877 observare,
1819 1831 1863 1869 et

358 1886 544 1927 maxime
583 1899 683 1927 cum
722 1885 889 1927 dicatur
926 1884 1023 1939 paci
1062 1887 1105 1926 et
1142 1883 1446 1939 tranquillitati
1483 1884 1716 1950 utriusque
1743 1885 1862 1939 regni

357 1943 593 1999 plurimum
622 1942 831 1997 expedire.
889 1942 1052 1983 Datum
1082 1942 1248 1992 Per-isis,
1250 1941 1279 1966 ¹¹
1304 1946 1347 1983 2⁰
1367 1955 1500 1983 nonas
1524 1942 1553 1983 J
1556 1955 1731 1993 anuarn
1751 1955 1862 1984 anno

355 2001 533 2044 Domini
553 2009 605 2042 Μο
618 2005 683 2043 cc⁰
694 1999 880 2050 xxxiiii0,
881 1999 915 2024 ¹²
934 2002 977 2042 et
995 1999 1267 2054 pontificatus
1287 1998 1457 2041 nostri1³
1476 1999 1582 2042 viii0.

405 2188 619 2244 §equitur
638 2188 727 2233 alia
746 2188 868 2243 topia
888 2187 1080 2242 {imarii
1102 2188 1220 2233 tatii
1240 2189 1379 2233 missa
1398 2203 1471 2245 φιτ
1490 2203 1622 2245 regem
1641 2189 1816 2245 {angliae

541 2254 771 2308 §unitatis
790 2254 871 2299 biii
890 2256 1033 2299 tantm
1051 2268 1182 2310 regem
1203 2254 1516 2308 §casian—01.
1536 2255 1672 2300 xxxix.

356 2339 462 2405 Εἰ
472 2355 735 2398 ONORIUS
756 2355 890 2397 eciam
901 2354 1061 2397 illustri
1072 2354 1161 2410 regi
1182 2354 1402 2397 Scotorum
1416 2355 1672 2406 Alexandro,
1685 2355 1857 2409 suisque

355 2414 645 2468 complicibus,
665 2413 864 2467 spiritum
893 2412 1071 2455 sanioris
1101 2412 1323 2454 consilio.1⁵
1383 2413 1575 2454 Multum
1594 2413 1710 2455 favet
1732 2412 1856 2467 regiae

356 2471 529 2526 derogat
558 2474 601 2512 et
631 2471 762 2512 saluti
782 2470 897 2525 quod
926 2484 951 2512 a
979 2470 1185 2512 fidelitate
1215 2470 1378 2512 domini
1406 2471 1538 2512 vestri
1566 2470 1784 2519 naturalis,
1814 2473 1857 2511 et

354 2543 380 2571 a
400 2528 629 2570 devocione
658 2528 846 2570 ecclesiae
876 2528 1078 2569 Romanae
1108 2528 1256 2570 matris
1286 2531 1448 2579 vestrae,
1478 2528 1613 2570 secuti
1646 2541 1722 2582 per
1755 2541 1855 2569 con-

416 2650 430 2673 1
446 2651 483 2685 G.
502 2651 541 2684 E.
559 2661 647 2693 prov
624 2651 753 2684 venire.
912 2648 927 2670 ²
943 2650 981 2684 O.
999 2650 1042 2683 D.
1061 2650 1100 2683 E.
1121 2651 1204 2683 omit
1215 2653 1324 2693 parte.
1482 2649 1496 2671 ³
1513 2650 1548 2685 O.
1567 2650 1754 2686 interessit.

416 2696 432 2719 4
448 2698 488 2732 B.
507 2698 542 2731 C.
561 2697 603 2730 D.
621 2697 660 2730 E.
668 2708 793 2777 ¹Jquam.
912 2695 927 2718 ⁶
945 2697 982 2731 C.
1002 2697 1042 2730 E.
1060 2697 1154 2740 patri
1170 2697 1307 2740 legium.
1358 2697 1399 2730 D.
1418 2697 1648 2741 patrilegium.

416 2743 431 2766 ⁶
447 2745 484 2778 C.
502 2744 541 2777 E.
560 2744 632 2777 add
649 2746 694 2777 et.
916 2742 930 2765 7
948 2743 984 2777 Ο.
1003 2743 1042 2776 Ε.
1062 2746 1249 2786 acceptare.
1477 2742 1491 2764 ⁸
1507 2744 1544 2777 B.
1565 2744 1600 2777 C.
1619 2745 1662 2777 D.
1682 2745 1823 2780 habent.

416 2790 432 2814 ⁹
447 2792 486 2825 B.
506 2791 542 2825 O.
560 2791 603 2824 D.
621 2791 661 2824 Ε.
681 2790 757 2830 Quo
774 2790 865 2823 cirea
880 2792 927 2823 te.
1127 2788 1156 2810 ¹⁰
1172 2790 1210 2823 O.
1229 2789 1268 2823 E.
1287 2789 1529 2823 denoscuntur.
1580 2791 1620 2824 D.
1640 2792 1850 2828 denoscitur.

401 2838 429 2861 ¹1
444 2839 483 2872 B.
501 2837 664 2871 Perusiis.
700 2837 738 2870 O.
756 2837 798 2870 D.
817 2837 857 2870 Ε.
872 2836 1020 2870 Pet-usis.
1465 2835 1493 2858 ¹2
1509 2837 1547 2871 B.
1566 2839 1699 2873 xxxiii⁰.

400 2884 429 2908 ¹⁸
445 2885 482 2919 C.
501 2885 540 2918 E.
559 2886 640 2918 omit
654 2884 776 2917 nostri.

400 2931 429 2954 14
446 2932 483 2966 O.
501 2932 541 2966 Ε.
559 2931 631 2966 add
656 2941 733 2975 quae
757 2930 862 2965 debet
886 2929 1080 2973 praecedere
1107 2929 1157 2970 (Ο.
1175 2929 1372 2973 procedere)
1398 2930 1435 2964 in
1459 2931 1579 2965 ordine
1602 2932 1741 2966 literam
1764 2944 1848 2976 prae-

352 2980 502 3014 missam.
877 2976 905 2999 ¹⁶
920 2977 958 3011 B.
978 2976 1014 3010 C.
1032 2976 1074 3009 D.
1093 2976 1132 3009 E.
1151 2977 1296 3012 consilii.
