1968 3360
348 310 400 350 66
842 318 968 355 LIBER
988 317 1346 350 PLUSCARDENSIS.

342 425 480 469 castra
508 422 646 465 multa
675 422 901 466 evertendo
931 425 976 464 et
1005 421 1277 463 inimicorum
1304 424 1437 463 terras
1467 420 1760 476 depraedando,
1789 420 1844 463 ad

341 481 526 535 patriam
555 481 770 536 propriam
804 494 903 522 cum
932 478 1100 521 diviciis
1134 478 1284 521 multis
1314 482 1358 520 et
1386 478 1543 520 honore
1565 479 1649 535 [ac]
1679 478 1844 534 ingenti

342 537 527 593 gaudi0,1
554 539 647 580 sine
677 538 861 592 dampno
891 549 1156 591 quocunque,
1175 548 1367 578 reversus
1397 539 1472 578 est.
1532 536 1614 578 Cui
1642 536 1845 579 successit

343 595 557 638 Henricus
577 595 691 636 filius
713 595 816 650 ejus,
835 593 984 649 hujus²
1002 594 1188 635 nominis
1207 593 1375 644 tercius,
1393 598 1444 635 ut
1463 593 1510 635 in
1529 593 1778 650 cathologo.³

537 685 744 736 Quisnam
763 684 903 726 dolere
923 683 1050 726 debet
1068 684 1176 739 regis
1197 683 1249 726 de
1267 686 1402 726 morte
1421 684 1452 726 J
1454 683 1646 734 ohannis,

536 742 622 793 Qui
640 743 751 784 bona
769 755 905 797 pauca
923 742 1035 793 fecit,
1053 742 1166 784 mala
1184 742 1330 793 multa,
1349 741 1543 797 pluribus
1563 741 1703 783 annis!

401 831 456 873 In
475 831 737 886 temporibus
756 845 857 874 vero
876 831 1002 874 istius
1026 831 1273 874 Innocencii
1301 845 1423 887 papae
1450 831 1693 874 Decretales
1722 831 1845 887 Epis-

342 889 442 930 tolae
462 890 718 944 compositae,
733 893 777 932 et
796 890 888 944 ejus
909 889 1136 932 autoritate
1156 890 1293 940 editae,
1313 890 1496 932 fuerunt.
1526 890 1613 931 Hic
1634 888 1846 932 Othonem

342 947 640 1001 imperatorem
662 946 914 1002 [coronavit]
935 951 980 989 et
999 947 1206 1002 deposuit,
1226 951 1270 990 et
1290 947 1515 989 consilium
1534 946 1848 989 nobilissimum

343 1004 532 1046 ecclesiae
548 1005 843 1047 Lateranensis
859 1005 1114 1058 celebravit3
1140 1005 1188 1046 in
1208 1019 1292 1060 quo
1308 1005 1484 1047 consilio
1501 1009 1620 1047 erant
1633 1004 1754 1047 mille
1769 1004 1848 1046 du-

342 1062 458 1104 centi
473 1062 638 1117 praelati
653 1062 893 1105 numerati.⁴
949 1062 1133 1114 Quidam
1144 1076 1244 1105 vero
1259 1063 1409 1105 dicunt
1423 1063 1674 1117 praedictum
1685 1062 1848 1117 regem⁵

342 1120 373 1162 J
375 1119 587 1162 ohannem
614 1134 691 1176 per
713 1120 926 1175 quendam
954 1120 1229 1163 monochum⁶
1256 1134 1420 1162 veneno
1448 1120 1579 1162 fuisse
1608 1121 1847 1162 extinctum

342 1177 390 1218 in
401 1176 566 1233 platula
577 1192 821 1233 prunorum,
835 1192 883 1220 eo
899 1178 1013 1233 quod
1028 1178 1218 1220 ordinem
1233 1178 1447 1233 religionis
1460 1191 1605 1220 eorum
1616 1178 1664 1219 in
1676 1178 1847 1219 canoni-

343 1248 414 1277 cos
443 1235 672 1291 regulares⁷
711 1239 877 1278 mutare
906 1236 1168 1291 proponebat
1175 1251 1186 1288 ;
1214 1236 1289 1278 sed
1319 1236 1423 1277 dum
1461 1249 1537 1278 rex
1574 1235 1848 1277 monochum⁶

341 1306 480 1347 pruna
508 1296 677 1348 gustare
706 1293 965 1348 praeciperat,
985 1293 1038 1335 de
1057 1307 1221 1335 veneno
1245 1293 1457 1343 dubitans,
1476 1293 1568 1347 ipse
1587 1292 1850 1342 monochus‚⁸

342 1363 430 1392 non
451 1364 578 1392 ausus
598 1351 780 1393 refutare
799 1355 1069 1406 praeceptum,
1085 1351 1222 1393 sciens
1238 1351 1352 1406 quod
1377 1350 1504 1393 homo
1524 1354 1716 1392 austerus
1736 1355 1848 1392 esset

343 1411 387 1449 et
402 1421 499 1450 eum
513 1409 641 1451 morti
656 1409 959 1451 nichilominus
975 1409 1208 1463 deputaret,
1222 1408 1273 1450 de
1292 1408 1441 1463 prunis
1455 1408 1655 1463 gustavit,
1667 1407 1847 1449 mallens

342 1466 452 1507 mori
483 1479 582 1508 cum
610 1480 707 1522 rege
736 1466 884 1521 iniquo
913 1480 1043 1521 quam
1071 1466 1179 1508 mori
1207 1479 1283 1521 per
1308 1466 1444 1520 ipsius
1475 1465 1725 1507 mandatum
1755 1465 1848 1521 ipso

343 1523 574 1576 evadente3
603 1528 646 1567 et
666 1524 727 1566 sic
747 1525 871 1566 ambo
891 1524 1015 1579 quasi
1033 1523 1079 1565 in
1099 1523 1247 1566 eadem
1266 1523 1368 1566 hora
1386 1523 1545 1565 mortui
1564 1526 1676 1565 sunt.

429 1670 646 1725 §equitur
662 1671 711 1714 he
729 1670 869 1714 abitu
886 1670 999 1725 tzgiz
1017 1669 1211 1725 &tancia
1228 1669 1325 1714 issiu
1344 1668 1682 1725 &abanim—01.
1701 1668 1776 1714 hii.

347 1750 666 1817 ffiORTUO
688 1767 861 1823 quidem
880 1767 1118 1823 Anglorum
1136 1781 1232 1823 rege
1251 1768 1282 1810 J
1283 1767 1461 1819 ohanne,
1481 1767 1719 1809 Ludovicus
1739 1767 1848 1823 regis

344 1826 533 1870 Franciae
548 1826 675 1876 filius,
690 1840 836 1868 omnes
852 1826 1019 1869 obsides
1035 1839 1141 1881 quos
1157 1826 1209 1867 de
1224 1825 1383 1881 Anglia
1402 1825 1527 1867 duxit
1541 1825 1673 1867 libere
1691 1825 1848 1867 iterum

343 1885 520 1935 remisit,
541 1887 584 1925 et
613 1883 684 1926 ab⁹
712 1883 964 1926 imminente
994 1887 1129 1926 morte
1158 1897 1287 1938 quam
1317 1883 1379 1925 eis
1407 1897 1482 1925 rex
1502 1883 1532 1925 J
1533 1882 1719 1924 ohannes
1743 1896 1849 1937 prae-

344 1943 522 1998 parabat
551 1942 777 1994 liberavit3
811 1946 866 1992 et,
900 1955 998 1983 cum
1026 1941 1172 1996 paucis
1206 1941 1357 1982 horum
1395 1954 1575 1995 quorum
1600 1940 1849 1994 juratoriam

346 2001 593 2043 caucionem
631 1999 815 2041 habebat
854 1998 1083 2041 Londoniis
1123 1998 1300 2048 rediens,
1329 1998 1486 2039 multos
1526 2011 1580 2040 ex
1618 1997 1702 2039 hiis
1742 2010 1848 2052 quos

346 2058 504 2100 amicos
524 2057 705 2112 putabat
733 2070 949 2112 perversos
979 2059 1125 2098 contra
1145 2070 1243 2098 eum
1263 2055 1523 2111 reperiebat:
1554 2058 1700 2109 portus
1719 2055 1848 2097 maris

346 2115 665 2171 praecludentes‚
682 2128 768 2156 non
791 2113 1058 2156 obstantibus
1069 2113 1322 2168 juramentis
1342 2117 1385 2155 et
1405 2112 1849 2164 confoederacionibus‚

348 2174 491 2228 ipsum
520 2173 634 2214 intra
662 2172 812 2214 villam
827 2171 1166 2213 Londoniensem
1195 2171 1316 2226 quasi
1345 2169 1535 2213 reclusi¹⁰
1563 2170 1848 2213 detinuerunt.

350 2231 474 2282 Quod
502 2231 653 2272 videns
674 2229 926 2280 Ludovicus,
945 2229 1135 2271 fraudem
1161 2233 1205 2271 et
1233 2229 1379 2270 dolum
1408 2227 1657 2283 Anglorum,
1686 2227 1849 2270 nullam

348 2288 477 2330 fidem
505 2289 552 2329 in
582 2288 643 2330 eis
671 2287 896 2343 reperiens,
914 2286 1066 2329 videns
1090 2286 1224 2329 eciam
1252 2286 1558 2341 impedimenta
1585 2288 1786 2341 portuum
1806 2289 1851 2327 et

348 2346 691 2401 persecucionem
723 2345 860 2387 tocius
890 2344 1020 2400 regni,
1040 2348 1218 2399 excepta
1246 2343 1509 2386 solummodo
1538 2343 1710 2385 civitate
1739 2342 1850 2384 Lon-

349 2403 555 2452 doniensi,
576 2407 721 2444 contra
740 2403 894 2457 ipsum,
914 2403 1219 2444 denunciatum
1246 2405 1311 2444 est
1340 2401 1380 2443 ei
1399 2401 1524 2456 quod,
1544 2400 1582 2442 si
1610 2399 1849 2442 Londonias

348 2460 605 2515 relinqueret
624 2464 667 2502 et
686 2461 926 2515 passagium
949 2464 1144 2515 paratum
1164 2474 1247 2502 non
1268 2459 1479 2514 reperiret,
1494 2458 1586 2513 ipso
1601 2461 1850 2508 revertente,

349 2518 578 2560 Londoniae
599 2518 749 2559 civitas
771 2518 853 2559 sibi
871 2517 1225 2572 praecluderetur;
1254 2521 1297 2559 et
1313 2517 1372 2558 sic
1388 2514 1585 2558 retentau
1605 2514 1849 2557 intencione

347 2575 477 2631 legati
506 2575 707 2617 Romanae
737 2575 864 2617 curiae
892 2575 1051 2617 ibidem
1080 2589 1156 2629 pro
1184 2578 1372 2629 tempore
1401 2572 1632 2622 existentis,
1653 2572 1728 2627 qui
1747 2572 1849 2615 totis

347 2633 510 2676 viribus
555 2636 701 2675 contra
745 2646 843 2674 eum
885 2632 1137 2688 procurabat
1179 2645 1306 2674 suum
1347 2630 1711 2686 impedimentum,
1748 2629 1851 2672 licet

411 2765 424 2788 ²
442 2766 478 2801 O.
497 2766 536 2800 E.
551 2766 672 2810 gloria.
1373 2763 1389 2787 ²
1407 2765 1444 2798 C.
1462 2764 1501 2797 Ε.
1519 2764 1707 2807 hujusque.

410 2811 425 2835 ³
441 2814 478 2847 O.
500 2814 540 2848 E.
559 2813 753 2858 cathalago,
770 2813 842 2846 and
859 2813 931 2846 add
946 2812 1150 2856 Anglorum‚
1170 2811 1313 2846 Versus.
1374 2809 1389 2832 ⁴
1405 2812 1443 2845 C.
1461 2811 1500 2844 E.
1520 2811 1663 2844 mitrati.

409 2859 425 2882 ⁶
441 2860 477 2894 C.
497 2860 536 2895 E.
558 2872 648 2894 ver0.
839 2858 854 2881 θ
871 2860 908 2893 O.
928 2860 969 2893 E.
989 2859 1207 2894 monachum.
1373 2856 1388 2880 ⁷
1407 2858 1442 2892 C.
1462 2858 1502 2891 E.
1521 2858 1714 2893 saeculares.

410 2905 424 2927 ⁸
441 2907 478 2941 C.
500 2907 541 2941 E.
561 2907 762 2941 monachus.
835 2905 851 2928 ⁹
866 2907 903 2941 O.
924 2907 965 2940 E.
986 2908 1066 2940 omit
1078 2906 1132 2940 ab.
1357 2903 1387 2926 ¹⁰
1402 2905 1439 2941 O.
1459 2904 1498 2939 E.
1518 2905 1701 2938 reclusum.

817 2952 843 2975 ¹¹
862 2954 900 2987 O.
922 2954 962 2987 E.
983 2956 1131 2987 attenta.
