2008 3360
359 319 440 359 352
852 324 978 356 LIBER
997 324 1354 357 PLUSCARDENSIS.

355 433 417 474 ita
435 431 597 474 factum
615 431 706 482 est3
735 431 778 471 et
797 432 1100 483 consequenter
1117 431 1214 483 post
1243 441 1314 471 eos
1343 441 1488 471 omnes
1517 429 1590 471 alii
1608 430 1842 474 Wallcnses

355 490 555 544 fugerunt
567 487 598 530 :¹
626 487 701 529 ubi
713 486 899 528 maxima
917 485 1105 527 murthia
1119 489 1163 528 et
1174 485 1327 528 occisio
1347 486 1459 529 facta
1473 490 1538 529 est
1552 486 1842 531 innocencium

355 560 431 601 pro
450 546 643 588 libertate
655 548 698 587 et
712 544 808 598 jure
823 542 923 585 sibi²
937 543 1298 585 contendencium.
1356 544 1413 585 Et
1424 543 1496 595 sic,
1511 547 1608 586 ante
1619 546 1843 587 transitum

356 605 403 645 in
432 603 619 652 Francia,
645 602 692 643 in
721 601 997 656 subjeccionis
1031 600 1236 643 servitute
1268 598 1438 643 redacta
1470 605 1535 643 est
1564 602 1744 658 Vall[i]a
1771 615 1844 657 per

358 662 529 716 seipsos,
547 658 775 714 proditoria
794 658 1025 701 tradicione
1045 671 1199 700 eorum.
1260 658 1353 709 Sed,
1374 658 1577 714 quamdiu
1605 659 1652 701 in
1681 659 1844 701 unitate

358 719 477 760 stetit
514 716 657 759 Vallia
693 715 889 766 indivisa,
936 715 1151 758 modicum
1188 715 1463 771 perdiderunt
1499 729 1575 771 per
1611 715 1845 772 Anglorum

356 773 617 830 potenciam3
645 773 721 815 sed
740 773 838 828 quia
859 773 1036 828 maj0res
1065 777 1170 815 natu
1200 773 1347 815 odium
1380 773 1672 816 absconditum
1701 776 1846 816 contra

357 832 593 887 principem
607 830 758 873 Valliae
778 833 1083 885 conceperunt:
1112 834 1155 872 et
1175 830 1236 873 sic
1256 831 1302 872 in
1321 831 1489 886 proprio
1510 830 1663 873 delicto
1675 834 1845 886 propter

356 903 501 932 eorum
519 888 791 944 iniquitatem
809 888 1032 943 perierunt.
1092 888 1204 930 Item
1223 888 1336 930 idem
1356 888 1578 939 Henricus,
1597 891 1701 931 tunc
1729 889 1845 943 prin-

356 960 467 1002 ceps,
504 959 658 1002 magna
695 945 927 988 calliditate
966 949 1009 988 et
1046 945 1216 987 malicia
1253 946 1396 987 omnia
1433 949 1527 988 acta
1564 946 1656 1001 ejus
1694 945 1846 988 bellica

356 1007 554 1060 operatus
573 1007 649 1054 est,
667 1006 717 1045 ut
735 1003 783 1045 in
808 1003 986 1046 Francia
1004 1003 1145 1058 patuit
1162 1003 1455 1045 intuentibus:
1485 1016 1585 1045 nam
1603 1004 1694 1058 ipse
1713 1017 1846 1045 nunc-

355 1076 484 1117 quam
503 1061 640 1104 voluit
658 1061 705 1102 in
724 1061 944 1103 Franciam
963 1061 1141 1103 durante
1161 1060 1381 1103 concordia
1399 1060 1639 1115 principum
1652 1074 1844 1116 guerram

355 1133 535 1170 movere,
573 1119 706 1161 donec
744 1118 996 1161 divisionem
1033 1118 1181 1160 mortis
1220 1118 1340 1160 ducis
1378 1118 1684 1160 Aurilianensis
1722 1131 1847 1160 causa

355 1177 540 1233 incipere
577 1176 775 1232 percepit.
836 1175 975 1227 Quodss
1007 1175 1232 1218 tirannidis
1269 1179 1431 1218 naturae
1463 1175 1596 1230 magis
1627 1178 1692 1217 est
1719 1189 1847 1230 quam

355 1235 457 1277 boni
476 1234 607 1285 ducis,
627 1238 735 1276 teste
753 1233 942 1289 Vigesio⁴
960 1233 1012 1275 de
1035 1247 1079 1275 rc
1108 1233 1295 1283 militari,
1315 1232 1494 1283 dicente,
1519 1237 1542 1254 “
1558 1233 1677 1275 Inter
1703 1232 1845 1274 hostes

356 1292 585 1334 discordias
618 1290 847 1347 procurari⁶
875 1290 1031 1346 judicis
1062 1289 1160 1332 est.''
1217 1290 1331 1332 Nam
1369 1303 1493 1331 omne
1522 1303 1698 1345 regnum
1726 1290 1772 1331 in
1802 1303 1846 1331 se

354 1349 541 1392 divisum
570 1348 835 1391 desolabitur.
892 1348 950 1390 Et
980 1347 1052 1400 sic,
1071 1346 1178 1389 tam⁶
1196 1347 1286 1402 ipse
1314 1347 1569 1402 percepisset
1596 1347 1847 1389 discordiam

355 1408 467 1449 inter
497 1409 714 1462 magnates
745 1405 942 1456 Franciae,
973 1408 1087 1456 tunc,
1119 1404 1306 1447 collectis
1340 1405 1515 1455 viribus,
1545 1404 1593 1446 in
1622 1405 1844 1446 Franciam

356 1465 534 1507 classem
548 1477 646 1506 cum
664 1463 859 1519 potencia
878 1462 1085 1504 nobilium
1103 1462 1246 1504 valida
1274 1462 1456 1512 secessit,
1474 1465 1524 1503 ut
1552 1462 1848 1516 praemittitur3

356 1527 400 1565 et
418 1521 595 1564 mortale
614 1520 775 1563 bellum
804 1520 856 1563 de
885 1519 1147 1575 Agentcourt
1175 1518 1465 1570 committitur,
1499 1522 1549 1560 ut
1581 1519 1846 1574 praemissum

356 1583 430 1623 est.
503 1579 837 1633 Verumptamen
875 1581 974 1619 ante
1013 1576 1093 1618 hoc
1132 1576 1430 1631 stipendiarius
1477 1576 1561 1618 fuit
1599 1589 1697 1618 cum
1734 1579 1847 1619 certo

356 1650 531 1679 numero
560 1633 861 1678 armentorum⁷
890 1634 989 1677 duci
1022 1633 1290 1689 Burgundiae,
1310 1637 1353 1676 et
1385 1633 1513 1675 frater
1543 1634 1634 1689 ejus
1668 1633 1848 1676 Thomas

357 1694 456 1736 duci
484 1692 795 1735 Aurilianensi:
845 1696 888 1734 et
921 1692 982 1735 sic
1015 1705 1090 1746 per
1123 1704 1334 1733 venenum
1367 1704 1510 1733 eorum
1544 1691 1751 1733 seminata
1784 1695 1848 1734 est

356 1751 564 1794 discordia
582 1751 694 1793 inter
711 1750 789 1793 hos
809 1749 914 1792 duos
930 1749 1068 1792 duces.
1130 1749 1212 1791 Sed
1223 1748 1321 1804 plus
1341 1752 1384 1790 et
1402 1748 1549 1804 pocius
1567 1748 1648 1791 hoc
1660 1749 1849 1791 fecerunt

355 1809 410 1852 ad
429 1808 734 1865 explorandum
752 1808 945 1863 patriam,
964 1811 1007 1849 et
1026 1805 1097 1849 ad⁸
1113 1806 1419 1862 cognoscendas
1448 1809 1592 1861 gentes
1620 1809 1663 1848 et
1691 1811 1849 1848 secreta

356 1867 493 1910 cordis
522 1878 677 1910 eorum.
735 1866 793 1907 Et
827 1864 904 1908 sic8
926 1878 1071 1907 eorum
1090 1877 1255 1906 veneno
1281 1864 1500 1914 seminato,
1528 1863 1735 1905 discordia
1763 1863 1848 1906 cito

357 1928 472 1967 mota
502 1927 567 1967 est
594 1924 707 1966 inter
736 1922 927 1965 dominos
957 1936 1052 1977 quae
1082 1921 1136 1964 ad
1166 1921 1251 1963 huc
1282 1926 1347 1963 est
1378 1920 1616 1963 exinanita:
1654 1921 1849 1963 similiter

357 1982 579 2037 sicutipse
597 1981 819 2024 Vallenses
838 1993 913 2035 per
945 1979 1076 2022 talem
1106 1978 1313 2021 cautelam
1343 1981 1386 2020 et
1412 1978 1557 2020 dolum
1585 1978 1848 2029 intoxicavit,

357 2039 609 2083 discordiam
633 2043 676 2081 et
704 2037 957 2080 divisionem
986 2036 1255 2089 seminando;
1295 2035 1408 2090 quod
1439 2049 1526 2077 non
1555 2036 1707 2091 potuit,
1736 2036 1773 2078 si
1801 2036 1848 2077 in

357 2098 517 2153 seipsos
536 2110 624 2139 non
641 2096 822 2138 fuissent
851 2094 999 2137 divisi:
1040 2097 1090 2136 ut
1120 2093 1316 2149 apparuit
1346 2093 1393 2134 in
1418 2106 1566 2148 guerra
1594 2097 1709 2135 mota
1737 2093 1849 2136 inter

356 2159 520 2210 patrem
554 2155 645 2210 ejus
676 2153 913 2196 Henricum
938 2152 1190 2194 Loncastriae
1221 2153 1264 2193 et
1292 2150 1459 2193 eosdem
1488 2150 1719 2202 Vallenses,
1749 2151 1849 2206 quia

357 2212 579 2255 unanimes
613 2213 742 2254 erant.
800 2210 866 2253 Ac
894 2210 1028 2253 eciam
1056 2222 1131 2251 rex
1158 2208 1356 2259 Franciae‚
1384 2211 1589 2263 tanquam
1617 2208 1778 2251 amicus
1807 2211 1850 2251 et

358 2270 664 2312 confoederatus
694 2281 851 2319 eorum,
877 2267 931 2310 ad
960 2267 1247 2309 defensionem
1272 2279 1416 2308 eorum
1447 2266 1531 2308 duo
1560 2265 1696 2308 millia
1714 2279 1849 2308 arma-

357 2332 498 2369 torum
517 2326 753 2369 transmisit
781 2325 855 2376 eis,
874 2325 1070 2380 expensis
1098 2324 1289 2379 propriis,
1318 2328 1462 2366 contra
1495 2323 1658 2365 dictum
1686 2327 1848 2378 patrem

359 2385 462 2439 ejuS,
481 2399 567 2427 una
586 2398 683 2427 cum
712 2384 865 2439 magna
893 2382 985 2425 auri
1013 2395 1180 2424 summa
1213 2380 1267 2423 ad
1299 2394 1491 2436 guerram
1525 2394 1667 2423 corum
1700 2394 1848 2423 manu-

358 2442 595 2484 tenendam.
673 2441 769 2492 Sed,
806 2445 932 2496 prout
969 2453 1080 2482 unus
1119 2438 1258 2490 abbas,
1295 2438 1641 2493 praedicacionem
1679 2438 1847 2487 faciens,

359 2499 632 2541 Vallensibus
652 2499 774 2549 dixit,
788 2498 912 2549 Quod
930 2497 1050 2539 nulla
1067 2496 1244 2539 victoria
1263 2500 1329 2539 est
1347 2496 1400 2538 ab
1415 2496 1597 2546 homine,
1611 2495 1685 2538 sed
1696 2509 1720 2538 a
1731 2495 1845 2537 Deo:

360 2558 404 2599 et
431 2556 510 2598 hoc
539 2569 614 2610 per
646 2556 781 2598 vitam
809 2554 1138 2606 immaculatam,
1164 2553 1330 2596 dicente
1358 2553 1572 2609 propheta,
1593 2553 1638 2595 Si
1665 2552 1846 2607 populus

359 2627 479 2656 meus
499 2613 685 2655 audisset
704 2627 783 2664 me,
799 2613 902 2655 etin
914 2612 996 2654 viis
1011 2612 1117 2654 meis
1129 2611 1396 2661 ambulasset,
1410 2624 1485 2666 pro
1497 2609 1653 2652 nichilo
1671 2609 1847 2651 forsitan

358 2671 551 2713 inimicos
581 2683 725 2713 eorum
743 2669 1046 2720 humiliassem,
1067 2672 1109 2711 et
1129 2682 1254 2724 super
1271 2668 1522 2711 tribulantes
1542 2680 1612 2709 eos
1640 2666 1849 2709 misissem

422 2826 435 2849 ¹
452 2827 487 2861 O.
507 2827 549 2860 D.
569 2825 608 2859 E.
626 2824 813 2870 fugierunt.
1435 2821 1450 2844 2
1466 2823 1502 2856 C.
1521 2821 1561 2856 E.
1580 2822 1660 2856 suis.

421 2873 436 2895 3
452 2874 489 2908 O.
509 2874 549 2907 E.
567 2872 625 2907 Et.
858 2869 871 2892 ⁴
889 2870 927 2904 B.
946 2869 987 2904 D.
1006 2870 1157 2914 Vigecio.
1206 2870 1243 2904 O.
1261 2870 1300 2904 E.
1319 2868 1467 2913 Vigerio.

422 2920 437 2942 ⁶
452 2921 489 2954 Ο.
508 2921 548 2953 Ε.
565 2929 746 2963 procurare
763 2917 883 2952 dolosi.
932 2918 974 2951 D.
994 2917 1119 2950 altered
1126 2918 1223 2959 from
1238 2927 1430 2960 procurare.

423 2966 438 2988 ⁰
454 2967 490 3001 C.
507 2967 546 3001 E.
570 2977 659 3000 cum.
846 2963 860 2986 ⁷
877 2965 914 2998 C.
933 2965 972 2998 E,
993 2967 1212 2997 armatorum.
1431 2961 1445 2983 ⁸
1463 2962 1498 2996 Ο.
1519 2962 1557 2997 Ε.
1576 2964 1655 2996 omit
1671 2962 1736 2996 this
1745 2963 1846 2996 word.
