2008 3360
166 1123 235 1147 Aa).
253 1117 338 1149 1430.

100 2723 102 2725 Ι
169 2685 237 2710 μυ.
255 2677 342 2709 1431.

366 290 390 327 3
396 290 417 328 7
424 290 446 327 6
566 296 569 299 “
835 296 961 328 LIBER
980 295 1333 328 PLUSGARDENSIS.

363 404 547 442 castrum
566 401 619 443 de
638 401 887 455 Temptalon
906 400 1151 450 transmisit,
1169 400 1216 441 in
1234 400 1423 442 custodia
1451 401 1615 443 comitis
1634 401 1844 458 Angusiae,

362 459 528 513 nepotis
566 458 684 513 regis.
743 458 827 508 Qui
864 461 1011 512 postea
1048 457 1102 499 ad
1132 457 1353 512 placitum1
1390 458 1497 514 regis
1527 458 1700 501 veniens
1733 460 1845 514 apud

364 515 680 570 Halyrudhous,
713 528 852 557 coram
884 528 1036 570 magno
1075 514 1209 566 altari,
1243 518 1395 557 exutus
1429 515 1623 558 omnibus
1656 517 1846 559 vestibus

363 578 513 627 praeter
541 572 756 615 camisiam
785 575 829 614 et
856 571 1081 622 femoralia,
1099 572 1361 628 genuflecsus
1385 572 1711 615 misericordiam
1739 574 1847 628 regis

362 630 616 685 imploravit,
655 643 703 672 ac
740 629 927 685 gladium
965 630 1178 672 vibratum
1219 644 1294 686 per
1339 634 1546 686 punctum
1593 634 1754 681 tenens,
1799 631 1847 672 in

363 688 559 729 manibus
594 687 703 742 regis
742 687 979 729 exhibendo
1018 687 1199 740 obtulit;
1246 701 1344 730 cum
1380 688 1460 730 hoc
1494 688 1691 730 omnibus
1729 689 1848 743 regni

363 744 591 799 majoribus
610 758 685 800 pro
704 758 754 787 eo
773 758 871 787 cum
884 744 1028 800 regina
1038 744 1403 788 intercedentibus.
1464 746 1732 788 Comitissam
1750 759 1848 788 vero

363 806 542 844 matrem
575 802 666 857 ejus
694 802 810 857 apud
839 802 1024 844 insulam
1050 802 1238 844 Emoniae
1268 802 1526 856 transmisit3
1568 817 1662 859 quae
1690 802 1848 846 ibidem

363 872 438 914 per
456 873 615 902 annum
634 863 678 903 et
690 860 803 902 ultra
820 860 867 902 in
886 859 1077 903 custodia
1094 860 1306 903 remansit.

590 1023 802 1079 §muitum
821 1025 867 1070 he
887 1025 1094 1070 filiatione
1113 1026 1224 1081 nqis
1243 1027 1284 1070 nt
1303 1026 1569 1080 agium-Qu
1591 1032 1627 1071 h.

363 1099 518 1162 HN
519 1116 562 1157 N
564 1116 600 1159 Ο
629 1117 807 1159 Domini
844 1122 1122 1160 M⁰cccc⁰xxx
1159 1118 1252 1160 nati
1289 1122 1391 1160 sunt
1424 1118 1512 1173 regi
1557 1118 1640 1160 duo
1677 1118 1847 1173 gemelli

362 1173 552 1224 masculi,
563 1173 642 1215 fih'i
653 1175 761 1230 regis
774 1178 817 1217 et
827 1175 998 1230 reginae:
1009 1179 1179 1230 propter
1190 1175 1303 1231 quod
1314 1175 1522 1218 exultavit
1535 1178 1650 1217 totus
1663 1175 1847 1217 mundus

362 1231 516 1286 gaudio
545 1245 696 1287 magno
725 1232 850 1274 valde
877 1233 924 1274 in
952 1233 1148 1275 universo
1177 1246 1331 1288 regno;
1360 1236 1403 1275 et
1430 1233 1478 1274 in
1505 1233 1609 1275 villa
1637 1233 1690 1275 de
1715 1232 1847 1274 Edin-

363 1288 511 1343 burgh,
532 1302 580 1331 eo
600 1289 714 1344 quod
733 1290 825 1331 nati
845 1293 947 1332 sunt
966 1290 1013 1331 in
1031 1290 1284 1332 monasterio
1305 1290 1471 1332 Sanotae
1488 1290 1648 1341 Crucis,
1660 1290 1847 1333 accensis

362 1346 531 1401 ignibus
565 1346 857 1400 jocunditatis,
904 1347 1036 1390 doleis
1074 1347 1166 1389 vini
1213 1347 1409 1390 omnibus
1457 1348 1701 1402 patentibus
1749 1362 1847 1390 cum

362 1403 533 1445 cibariis
553 1403 723 1458 publice
743 1404 939 1446 omnibus
958 1404 1243 1456 venientibus,
1264 1418 1362 1447 cum
1390 1405 1638 1447 dulcissima
1655 1405 1848 1447 armonia

362 1460 555 1502 omnium
593 1461 973 1504 instrumentorum
1020 1462 1124 1504 artis
1172 1462 1355 1512 musicae,
1393 1475 1469 1517 per
1505 1465 1640 1504 totam
1680 1465 1847 1504 noctem

361 1518 534 1560 laudem
554 1521 598 1560 et
626 1518 803 1574 gloriam
837 1519 1022 1561 Domino
1043 1520 1352 1561 annunciantes
1380 1532 1457 1574 pro
1488 1519 1698 1562 universis
1727 1520 1850 1561 donis

362 1579 406 1618 et
424 1575 638 1618 beneficiis
658 1575 773 1618 suis:
804 1575 880 1618 xvi
899 1576 968 1618 die
987 1577 1146 1619 mensis
1168 1576 1362 1619 Octobris
1391 1577 1482 1618 nati
1511 1580 1622 1619 sunt.
1681 1577 1850 1619 Primus

362 1633 476 1675 enim
508 1637 683 1675 vocatus
721 1636 786 1676 est
823 1633 1111 1687 Alexander;²
1149 1634 1375 1677 defunctus
1413 1633 1494 1676 est⁸
1527 1634 1574 1676 in
1608 1635 1847 1690 juventute.

362 1688 598 1733 Secundus⁴
626 1694 753 1733 natus
782 1691 812 1733 J
813 1691 978 1742 acobus,
1008 1691 1215 1734 secundus
1244 1691 1372 1747 hujus
1401 1691 1596 1743 nominis,
1625 1692 1700 1747 qui
1728 1692 1850 1734 obiit⁵

362 1748 477 1803 apud
496 1747 727 1804 Roxburgh
747 1762 846 1791 cum
864 1749 1050 1791 maximo
1069 1749 1226 1792 honore
1245 1763 1358 1791 anno
1386 1749 1564 1791 Domini
1583 1755 1635 1791 Μο
1647 1755 1759 1792 cccc⁰
1773 1749 1848 1799 lx⁰‚

361 1805 492 1848 tercio
521 1805 590 1848 die
608 1805 796 1860 Augusti
807 1822 818 1859 ;
852 1806 899 1848 in
918 1806 1094 1849 ecclesia
1123 1807 1287 1849 Sanctae
1308 1806 1467 1858 CruciS,
1483 1806 1559 1849 ubi
1587 1807 1849 1857 nascebatur,

360 1862 620 1906 inhumatus.
679 1864 773 1906 Rex
802 1878 902 1906 vero
936 1865 1122 1907 Jacobus
1156 1864 1329 1920 primus,
1363 1868 1484 1919 pater
1517 1878 1673 1915 eorum,
1704 1864 1848 1919 plures

360 1920 537 1963 millites
570 1921 618 1963 in
644 1925 832 1976 tempore
861 1922 1100 1964 nativitatis
1132 1935 1276 1964 eorum
1306 1922 1488 1964 creavit:
1521 1922 1599 1964 viz.
1633 1921 1710 1963 hos
1742 1921 1848 1963 duos

361 1978 471 2020 filios
492 1992 589 2021 suos
609 1992 735 2034 super
753 1979 914 2021 fontem
933 1979 1229 2034 baptismalem
1245 1995 1255 2032 ;
1283 1979 1530 2022 secundario
1549 1992 1662 2030 vero,
1681 1982 1852 2034 propter

361 2035 562 2078 honorem
580 2036 751 2078 illorum
769 2036 928 2079 multos
947 2036 1052 2079 alios
1072 2037 1240 2087 creavit,
1254 2050 1433 2092 quorum
1447 2036 1610 2091 primus
1629 2036 1715 2078 fuit
1733 2036 1848 2078 filius

361 2094 583 2149 cujusdam
601 2093 764 2136 domini
792 2093 909 2136 urbis
938 2094 1138 2136 Romanae
1166 2094 1325 2137 ibidem
1345 2108 1370 2136 a
1389 2107 1490 2136 casu
1518 2094 1752 2145 existentis,
1773 2094 1850 2149 qui

362 2151 558 2207 princeps
592 2151 732 2194 dictus
767 2155 843 2203 est,
877 2165 975 2194 cum
1008 2151 1157 2194 multis
1183 2151 1414 2207 juvenibus
1447 2151 1548 2194 filiis
1582 2151 1850 2194 dominorum

362 2208 490 2264 regni,
530 2209 608 2252 viz.
646 2208 924 2260 willelmum,
971 2210 1298 2265 primogenitum
1345 2209 1512 2251 comitis
1560 2208 1612 2251 de
1659 2208 1849 2264 Douglas

359 2266 573 2320 juvenem,
594 2269 741 2321 postea
760 2267 899 2322 capite
926 2269 1171 2310 truncatum
1187 2284 1198 2320 ;
1229 2267 1335 2310 item
1353 2266 1630 2318 Willelmum,
1649 2266 1788 2308 filium
1807 2270 1850 2309 et

362 2322 559 2366 heredem
586 2324 617 2367 J
618 2324 738 2366 acobi
766 2324 819 2367 de
847 2325 1037 2380 Douglas
1066 2324 1118 2367 de
1145 2325 1365 2375 Abircorn,
1383 2327 1529 2380 postea
1557 2325 1604 2366 in
1633 2327 1768 2366 castro
1796 2323 1849 2366 de

363 2381 562 2437 Sterlyng
599 2382 812 2435 occisum3
849 2382 955 2424 item
987 2383 1017 2425 J
1019 2382 1229 2425 ohannem
1266 2382 1320 2425 de
1358 2382 1511 2438 Logan,
1544 2381 1764 2424 dominum
1796 2380 1850 2423 de

363 2438 603 2493 Lestalryk⁶
634 2443 733 2495 post
765 2444 955 2495 patrem3
984 2440 1090 2482 item
1119 2440 1340 2491 Jacobum,
1373 2439 1569 2482 heredem
1603 2438 1764 2481 domini
1797 2437 1851 2480 de

364 2494 638 2550 Crychtoun3
665 2497 771 2539 item
798 2498 829 2540 J
830 2497 1008 2539 acobum
1027 2498 1080 2540 de
1107 2497 1436 2540 Edmundstoun
1448 2496 1479 2550 ;⁷
1508 2497 1613 2539 item
1641 2495 1778 2537 filium
1806 2498 1850 2537 et

363 2552 561 2595 heredem
580 2553 742 2595 domini
760 2554 813 2596 de
833 2554 1116 2610 Borth[w]yk.
1175 2555 1337 2598 Eodem
1357 2568 1468 2597 anno
1487 2568 1562 2596 rex
1581 2554 1633 2595 de
1652 2552 1850 2594 Flandria

363 2610 466 2652 fecit
495 2609 664 2652 adduci⁸
681 2610 924 2654 machinam
942 2612 1266 2663 bombardicam,
1284 2615 1478 2655 vocatam
1496 2612 1652 2666 Iqsown,
1671 2623 1783 2652 nunc
1803 2610 1850 2651 in

364 2666 549 2723 Anglia.⁹
606 2668 718 2709 Item
738 2682 848 2710 anno
871 2669 997 2711 xxxi⁰
1014 2670 1261 2712 inchoatum
1280 2673 1345 2712 est
1364 2669 1588 2712 consilium
1607 2667 1850 2718 Basiliense,

426 2792 441 2814 ¹
457 2794 495 2826 B.
514 2793 554 2826 E.
571 2792 753 2835 palacium.
940 2791 954 2814 2
970 2792 1008 2825 B.
1027 2793 1115 2826 adds
1130 2796 1175 2826 et.
1435 2791 1450 2815 ³
1465 2793 1502 2826 C.
1520 2792 1559 2826 E.
1577 2793 1658 2825 omit
1668 2792 1734 2826 thie
1745 2792 1849 2825 word.

427 2838 440 2861 *¹
457 2840 494 2873 O.
514 2840 552 2872 E.
571 2839 736 2872 Secundo.
938 2837 954 2859 ⁵
970 2840 1006 2872 C.
1027 2839 1067 2872 E.
1085 2839 1168 2872 have
1183 2839 1380 2873 defunctus.
1431 2839 1446 2860 ⁶
1462 2840 1500 2872 B.
1515 2839 1708 2874 Lestaurik.

428 2885 442 2908 ⁷
459 2887 496 2919 C.
515 2886 552 2919 Ε.
568 2885 828 2919 Edmondiston.
940 2885 954 2906 ⁸
971 2886 1008 2919 O.
1030 2886 1069 2918 Ε.
1089 2887 1162 2919 add
1177 2897 1345 2930 magnam.

426 2932 443 2954 ⁹
458 2933 494 2966 C.
515 2934 552 2967 E.
572 2935 651 2967 omit
668 2944 759 2966 nunc
775 2933 811 2965 in
828 2932 962 2976 Anglia.
