2008 3360
728 304 854 334 LIBER
875 302 1078 335 OCTAVUS.
1597 296 1676 335 165

168 407 420 464 divulgatur,
451 408 498 450 in
529 408 787 464 praemissis,1
816 412 866 451 ut
902 409 1116 459 debueras,
1151 423 1237 451 non
1272 409 1507 460 attendens,
1537 423 1677 464 neque

167 466 309 508 debita
345 467 683 509 consideracione
719 468 968 518 discuciens,
1001 472 1043 510 et
1077 467 1132 509 ad
1162 468 1475 523 occupandum2
1505 471 1547 509 et
1578 468 1677 510 sub-

160 525 400 579 jugandum
431 526 589 567 dicioni
615 526 739 581 regiae
768 540 946 581 regnum
975 526 1130 580 ipsum,
1160 540 1209 568 eo
1238 530 1341 568 tunc
1370 527 1480 582 regis
1513 526 1675 568 auxilio

165 583 431 633 destitutum,
451 584 726 626 vehementer
745 585 960 639 aspirans3
990 588 1032 626 et
1052 584 1226 626 tandem
1255 584 1309 626 ad
1338 584 1453 626 idem
1474 598 1675 626 exercens

163 643 249 682 tuae
288 642 497 695 potenciae
535 642 658 692 vires,
697 642 1010 684 venerabilibus
1050 643 1252 684 fratribus
1292 643 1449 684 nostris
1490 643 1674 684 Roberto

165 699 418 741 Glascuensi
434 703 476 742 et
497 700 706 742 Mauricio
723 700 949 742 Sodorensi
968 700 1175 755 episcopis
1197 704 1239 742 et
1259 700 1478 742 nonnullis
1499 701 1675 751 clericis,

165 771 262 798 cum
279 758 534 812 quibusdam
555 758 849 800 ecclesiasticis
869 759 1060 813 personis
1082 759 1271 813 ejusdem
1290 759 1420 814 regni,
1437 762 1487 800 ut
1507 759 1676 809 dicitur,

166 815 301 870 captis
332 820 375 857 et
404 816 699 858 carceralibus-³
727 816 910 857 vinculis
942 817 1122 867 traditis,
1147 831 1327 871 quorum
1357 817 1534 872 aliquos,
1564 817 1676 858 sicut

162 874 374 924 asseritur,
405 874 576 929 squalor
606 874 781 916 carceris
812 874 1022 916 violenter
1053 875 1261 916 extinxit:
1301 889 1350 917 ac
1382 876 1517 917 eciam
1551 889 1674 917 occu-

162 932 275 985 patis
311 946 455 973 eorum
490 932 650 982 castris,
680 936 733 981 et,
765 936 891 986 prout
925 932 1069 982 fertur,
1104 933 1370 974 monasteriis
1400 933 1581 988 aliisque
1610 947 1675 975 re-

162 989 323 1044 ligiosis
354 990 456 1031 locis
477 1004 605 1044 quam
629 990 826 1045 plurimis
857 990 1010 1031 dirutis
1041 1004 1115 1032 seu
1147 990 1385 1040 destructis,
1407 1005 1455 1033 ao
1476 991 1675 1046 dampnis

163 1047 258 1089 aliis
279 1048 475 1103 gravibus
498 1049 686 1102 ejusdem
699 1048 817 1103 regni
832 1048 1191 1090 habitacionibus4
1207 1049 1423 1103 irrogatis3
1447 1050 1494 1090 in
1514 1050 1674 1091 eisdem

161 1106 279 1160 regni
298 1106 489 1160 partibus
519 1106 717 1148 officiales
738 1106 872 1162 regios
892 1107 1085 1161 posuisti,
1106 1107 1181 1161 qui
1200 1107 1396 1161 praelatos
1418 1111 1675 1162 caeterosque

161 1163 333 1205 clericos
354 1170 396 1205 et
411 1178 609 1218 personas
630 1165 945 1214 ecclesiasticas,
960 1178 1008 1206 ac
1028 1165 1163 1206 eciam
1183 1165 1416 1216 saeculares,
1432 1165 1536 1206 dicti
1556 1165 1675 1221 regni

162 1221 427 1263 multimodis
448 1223 692 1277 perturbare
713 1223 918 1264 molestiis
935 1226 978 1264 et
998 1223 1304 1265 affliccionibus
1320 1223 1449 1265 variis
1469 1224 1674 1278 impetere

162 1293 247 1320 non
279 1284 489 1331 verentur,
519 1281 565 1322 in
593 1281 767 1322 divinae⁵
787 1281 1022 1336 majestatis
1053 1281 1268 1331 offensam,
1289 1281 1401 1323 sedis
1431 1285 1675 1323 memoratae

160 1340 464 1393 contemptum,
499 1339 623 1394 regiae
659 1339 808 1381 salutis
848 1344 891 1381 et
930 1340 1053 1381 famae
1087 1353 1215 1395 grave
1249 1339 1533 1394 dispendium,
1563 1340 1674 1394 juris

160 1396 371 1450 injuriam,
394 1400 436 1438 et
457 1411 626 1439 enorme
647 1397 895 1439 scandalum
910 1397 1102 1439 fidelium
1118 1397 1411 1452 plurimorum.
1471 1398 1674 1453 Regalem

160 1453 292 1508 igitur
325 1456 689 1510 magnificenciam
723 1470 928 1509 rogamus,
960 1460 1003 1498 et
1033 1460 1197 1497 attente
1226 1456 1272 1497 in
1300 1456 1486 1498 Domino
1522 1456 1674 1498 exhor-

161 1516 313 1562 tamur,
334 1527 382 1555 ac
403 1514 668 1555 obsecramus
698 1514 744 1555 in
771 1515 834 1555 Eo
855 1514 930 1568 qui
951 1518 1016 1556 est
1036 1514 1228 1555 omnium
1248 1528 1348 1556 vera
1378 1514 1494 1556 salus
1525 1519 1674 1569 quate-

161 1583 253 1619 nus,
275 1571 448 1613 solerter
474 1573 697 1613 attendens
728 1572 853 1627 quod,
874 1587 925 1614 ex
947 1572 1090 1614 debito
1120 1572 1343 1626 pastoralis
1371 1573 1497 1614 officii
1518 1573 1675 1615 nostris

160 1627 348 1671 humeris
383 1630 681 1680 incumbentis,
716 1630 913 1685 quodque
946 1630 1000 1671 ad
1035 1630 1321 1671 conservanda
1359 1631 1470 1672 bona
1506 1635 1549 1672 et
1575 1632 1674 1685 jura

161 1686 348 1728 ecclesiae
388 1687 551 1729 solicite
591 1691 796 1738 tenemur,
836 1688 1034 1742 quodque
1068 1688 1170 1742 plus
1206 1688 1371 1729 homini
1410 1703 1540 1743 quam
1580 1689 1673 1730 Deo

161 1744 321 1786 deferre
361 1759 446 1786 non
485 1760 710 1800 possumus
746 1760 822 1787 nec
864 1746 1078 1796 debemus,
1113 1746 1335 1800 praedictos
1371 1747 1589 1801 episcopos
1629 1751 1673 1788 et

158 1815 357 1856 personas
378 1804 694 1854 ecclesiasticas,
716 1818 820 1859 quos
842 1804 895 1845 ad
915 1804 1000 1846 huc
1021 1818 1159 1845 carcer
1178 1804 1317 1859 regius
1338 1808 1456 1846 tenet
1476 1804 1673 1858 nequiter

159 1860 356 1911 inclusos,
387 1876 461 1916 pro
497 1862 642 1904 divina
674 1866 717 1904 et
749 1862 990 1917 apostolicae
1022 1862 1133 1903 sedis
1163 1876 1212 1903 ac
1242 1866 1386 1904 nostra
1419 1863 1672 1913 reverencia,

160 1919 344 1960 sublata6
360 1920 625 1962 difficultatis
643 1924 685 1962 et
699 1920 920 1962 dilacionis
941 1921 1121 1975 objectu,
1142 1920 1323 1975 benigne
1353 1920 1521 1962 restitui
1540 1921 1671 1962 facias

160 1977 359 2030 prestinae
390 1978 588 2029 libertati,
610 1978 828 2033 dictosque
849 1978 1048 2020 officiales
1083 1992 1252 2020 revoces
1277 1979 1328 2020 de
1355 1992 1483 2033 regno
1515 1978 1671 2020 Scociae

161 2040 391 2077 memorato
410 2052 418 2077 :
448 2036 508 2078 sic
527 2041 570 2078 te
590 2037 637 2077 in
657 2037 752 2087 hiis,
773 2040 900 2091 prout
930 2050 1148 2091 speramus
1169 2042 1212 2078 et
1232 2036 1440 2091 cupimus,
1460 2036 1670 2092 promptis

161 2096 204 2132 et
225 2092 462 2135 efficacibus
493 2095 646 2136 studiis
676 2095 912 2145 habiturus,
932 2099 982 2136 ut
1012 2095 1126 2149 apud
1156 2094 1372 2136 coelestem
1403 2095 1573 2150 Regem,
1593 2108 1669 2148 pro

160 2150 350 2192 minimis
371 2152 546 2205 grandia
565 2153 878 2207 rependentem,
892 2167 979 2194 non
998 2153 1211 2194 immerito
1233 2152 1421 2194 reddaris
1443 2153 1670 2206 accepcior,

161 2211 205 2248 et
223 2208 385 2262 gracior
413 2209 630 2261 habearis3
660 2215 713 2260 et,
733 2215 885 2265 praeter
913 2211 1111 2251 humanae
1140 2210 1279 2252 laudis
1309 2210 1568 2264 praeconium
1587 2210 1669 2252 tibi

159 2266 335 2319 proinde
384 2271 701 2321 proventurum,
745 2268 987 2322 apostolicae
1026 2267 1137 2309 sedis
1176 2268 1360 2322 graciam
1400 2273 1443 2310 et
1482 2269 1670 2310 favorem

159 2324 332 2366 uberius
367 2325 524 2379 poteris
559 2327 796 2379 promereri.
873 2326 919 2367 Si
948 2339 1047 2367 vero
1077 2325 1124 2366 in
1158 2326 1306 2367 codem
1342 2326 1498 2368 Scociae
1527 2340 1668 2381 regno,

158 2383 229 2424 vel
249 2383 394 2437 aliqua
414 2384 504 2437 ejus
526 2388 654 2438 parte,
666 2384 737 2437 jus
759 2383 932 2437 aliquod
951 2387 994 2425 te
1014 2383 1168 2425 habere
1188 2384 1432 2438 speraveris,
1452 2384 1669 2426 volumus⁷

160 2441 274 2495 quod
290 2445 385 2482 tuos
406 2446 694 2495 procuratores
711 2445 753 2482 et
765 2442 954 2491 nuncios,
976 2441 1029 2482 ad
1044 2441 1123 2483 hoc
1144 2442 1383 2496 specialiter
1402 2443 1669 2493 constitutos,

161 2512 258 2540 cum
288 2500 485 2540 omnibus
511 2499 678 2554 juribus
711 2502 754 2541 et
788 2499 1064 2541 munimentis
1099 2499 1186 2541 tuis
1221 2499 1467 2554 hujusmodi
1501 2514 1669 2543 concer-

161 2557 373 2607 nentibus,
403 2558 514 2599 infra
544 2571 618 2599 sex
647 2557 831 2599 menses8
860 2571 884 2598 a
913 2558 1192 2611 praesencium
1222 2559 1465 2613 recepcione
1498 2573 1669 2601 numer-

162 2615 304 2666 andos,
324 2619 512 2657 nostram
532 2615 804 2670 praesenciam
825 2615 1112 2657 transmittere
1132 2629 1219 2657 non
1239 2616 1411 2658 omittas
1428 2632 1436 2658 z
1467 2630 1565 2658 cum
1585 2617 1666 2658 tibi

162 2674 299 2727 parati
332 2687 490 2724 sumus,
525 2678 730 2728 tanquam
765 2673 921 2715 dilecto
951 2673 1050 2724 filio,
1071 2687 1197 2729 super
1225 2675 1453 2729 praemissis
1480 2675 1666 2730 justiciae

224 2826 233 2847 ¹
253 2828 292 2859 E.
310 2827 494 2870 praemissa.
661 2824 675 2846 ²
693 2826 730 2859 C.
750 2826 788 2859 E.
808 2825 1053 2867 occupandam.
1244 2823 1257 2845 ³
1274 2825 1310 2859 C.
1331 2825 1369 2859 E.
1387 2825 1668 2858 carcerabilibus.

224 2873 238 2894 4
256 2875 293 2906 B.
312 2875 348 2907 C.
368 2875 411 2907 D.
432 2875 472 2907 E.
490 2873 756 2906 habitatoribus.
838 2871 852 2892 ⁵
870 2872 906 2905 C.
921 2872 1022 2905 diem.
1059 2872 1097 2905 E.
1117 2872 1237 2904 divini.
1322 2871 1336 2893 ⁶
1353 2873 1390 2906 B.
1409 2872 1446 2906 O.
1463 2872 1500 2905 E.
1518 2871 1666 2906 sublato.

226 2920 237 2942 ⁷
258 2921 293 2956 C.
312 2922 350 2953 E.
369 2922 527 2954 volimus.
579 2922 619 2953 D.
640 2921 790 2953 volimus
807 2919 934 2952 altered
951 2921 1036 2952 later
1052 2925 1085 2953 ιο
1102 2920 1272 2953 volumus.

229 2967 242 2988 ⁸
261 2969 296 3001 O.
318 2968 494 3002 mensibus
512 2969 638 3001 altered
656 2972 687 3001 ιο
705 2967 887 3000 mensibes.
