2014 3354
355 292 489 333 xxxiv
850 301 1065 333 APPENDIX
1083 300 1135 332 ro
1156 300 1353 331 PREFACE.

356 406 557 462 Sequitur
586 406 638 448 de
671 406 950 448 translacione
983 405 1257 459 reliquiarum
1290 404 1412 446 Beati
1445 404 1625 449 Andreae
1653 406 1851 462 Apostoli

469 486 544 527 per
560 472 888 514 Constantinum
902 472 1109 526 Magnum
1125 471 1425 525 Imperatorem
1445 471 1497 513 de
1516 472 1688 515 civitate
1704 474 1851 515 Patras

470 538 525 579 ad
545 537 1073 592 Constantinopolitanum.
1431 535 1683 590 Qtapitnlnm
1702 537 1783 581 xib.

356 645 557 701 Sequitur
585 645 699 700 quod
733 644 906 699 angelus
935 642 1113 685 Domini
1141 643 1322 685 Beatum
1350 643 1561 699 Regulum
1592 659 1690 687 cum
1728 646 1852 688 sociis

470 711 743 753 mandaverat
771 715 832 761 ut,
862 713 1034 764 accepta
1063 712 1182 764 parte
1214 709 1499 765 reliquiarum,
1532 710 1711 753 boriales
1739 711 1854 755 adire

468 777 619 818 mundi
637 779 777 831 partes
798 789 886 817 non
904 775 1099 817 tardaret.
1427 774 1682 829 OEapitnlxmt
1700 775 1800 820 xlni.

358 883 560 938 Sequitur
587 882 796 937 quomodo
816 882 973 925 Beatus
994 882 1181 938 Regulus
1212 882 1397 937 sociique
1427 882 1506 933 sui,
1526 896 1624 924 cum
1651 882 1854 939 reliquiis,

470 948 686 1003 naufragio
715 948 852 1003 primo
882 948 1073 990 Scociam
1102 947 1374 999 advenerunt,
1401 951 1589 1003 tempore
1619 948 1728 1003 regis
1760 948 1855 991 Pie-

469 1017 612 1056 torum
631 1014 836 1069 Hurgust.
1430 1012 1685 1068 OEapitnlum
1704 1013 1823 1058 xlnii.

358 1122 559 1177 Sequitur
577 1121 631 1163 ad
650 1120 734 1163 huc
755 1120 807 1163 de
826 1120 1000 1163 eodem.¹
1423 1118 1677 1175 OEapitulnm
1695 1118 1832 1164 xlhiii.

361 1228 563 1285 Sequitur
592 1228 706 1283 quod
735 1228 965 1279 Maximus,
995 1231 1221 1283 postquam
1252 1227 1396 1270 Scotos
1427 1231 1637 1283 separatos
1668 1242 1693 1270 a
1723 1229 1854 1271 Pictis

472 1297 743 1345 construerat,
764 1297 807 1336 et
836 1294 950 1349 ipsos
971 1294 1103 1336 eciam
1123 1293 1314 1349 subegit3
1344 1297 1387 1336 et
1406 1293 1458 1335 de
1485 1294 1745 1336 successione
1767 1294 1855 1335 Im-

471 1364 724 1416 peratorum,
1428 1357 1680 1414 OEapitnlnm
1693 1358 1795 1403 xlix.

359 1469 560 1525 Sequitur
579 1468 630 1511 de
649 1467 980 1523 praesumpcione
1000 1467 1184 1509 Maximi
1203 1471 1350 1509 contra
1365 1467 1603 1510 Romanum
1617 1468 1851 1523 imperium,

471 1538 515 1577 et
533 1535 624 1590 ejus
639 1534 816 1576 interitu
833 1549 844 1586 ;
872 1538 915 1575 et
930 1533 981 1575 de
998 1533 1181 1583 Conano,
1197 1533 1267 1575 cui
1281 1547 1457 1588 regnum
1476 1533 1652 1575 tradidit
1665 1534 1854 1575 Arma1i-

472 1614 581 1651 cum,
601 1599 714 1655 quod
734 1599 786 1641 de
813 1602 961 1642 caetero
982 1598 1127 1641 Minor
1146 1598 1337 1640 Britania
1356 1602 1553 1640 vocatum
1584 1602 1648 1641 est
1663 1614 1673 1651 ;
1703 1602 1746 1642 et
1766 1600 1854 1642 Im-

470 1668 709 1721 peratorum
730 1664 1002 1707 successione.
1425 1662 1678 1718 &vitulum
1697 1664 1723 1709 1.

357 1774 558 1829 Sequitur
577 1772 629 1815 de
650 1772 1012 1815 christianissimis
1032 1772 1195 1814 actibus
1210 1772 1433 1815 Theodosii
1453 1771 1722 1826 Imperatoris
1741 1772 1853 1814 seni-

471 1839 564 1891 oris,
585 1843 629 1882 et
648 1838 837 1894 ejusdem
856 1838 1000 1880 uxoris
1021 1838 1224 1880 Placellae.
1426 1835 1676 1892 OEapitnlnm
1694 1836 1741 1880 li.

808 1904 823 1925 ο

358 1945 559 2002 Sequitur
588 1946 703 2001 quod
734 1948 900 1987 mortuo
934 1948 1116 2001 tyranno
1150 1945 1342 1988 Maximo
1377 1945 1492 1988 Scoti
1520 1958 1697 2001 regnum
1727 1958 1853 1987 suum

471 2012 654 2069 recipere
674 2014 906 2068 coeperunt,
927 2015 970 2054 et
990 2011 1041 2054 de
1061 2011 1324 2055 successione
1341 2011 1652 2067 imperatorum,

1427 2075 1678 2132 OEapitnlnm
1697 2075 1763 2121 lii.

871 2434 1047 2476 LIBER
1076 2434 1337 2477 TERCIUS.

359 2562 427 2604 De
455 2558 654 2615 Fergusio
683 2557 772 2600 filio
801 2557 909 2600 Erth
937 2557 1071 2599 Pictis
1101 2558 1337 2613 conjuncto,
1366 2571 1541 2613 regnum
1570 2557 1666 2600 dolo
1695 2557 1854 2600 tiranni

474 2624 658 2668 Maximi
675 2638 750 2679 per
765 2624 976 2666 Romanos
996 2626 1038 2666 et
1057 2623 1251 2666 Britones
1269 2634 1380 2665 XLIII
1398 2623 1521 2665 annis
1541 2622 1761 2666 detentum
1789 2637 1853 2666 re-

474 2690 709 2747 cuperanS.2
1430 2687 1684 2743 &amulum
1702 2688 1732 2731 i.

409 2851 422 2873 ¹
439 2851 524 2884 This
536 2850 615 2883 title
623 2849 654 2882 is
665 2851 729 2882 not
741 2848 777 2881 in
789 2847 938 2881 Fordun.
968 2847 1041 2881 The
1053 2847 1244 2891 remaining
1255 2847 1352 2880 titles
1364 2847 1570 2891 cor-respond
1579 2847 1666 2882 with
1676 2847 1853 2883 Fordun’s.

407 2898 422 2920 2
438 2898 512 2931 The
527 2897 608 2931 title
623 2896 660 2930 of
675 2896 747 2929 this
763 2895 907 2939 chapter
922 2895 953 2928 is
969 2895 1128 2939 wanting
1144 2894 1180 2927 in
1196 2894 1258 2928 the
1274 2897 1362 2935 text,
1382 2894 1449 2927 and
1467 2894 1497 2928 is
1513 2894 1672 2938 supplied
1687 2895 1777 2928 from
1793 2895 1855 2930 the

363 2945 469 2979 Table
485 2945 522 2979 of
537 2945 713 2979 Contents.
