2008 3360
762 305 889 336 mmm
911 303 1116 337 OCTAVUS.
1630 297 1707 336 141

200 410 230 451 J
233 408 419 452 ohannes
455 410 507 453 de
542 410 722 452 Balliolo
754 409 935 453 erectus¹
970 412 1035 452 est
1068 409 1115 451 in
1149 422 1300 464 regem,
1335 408 1396 451 et2
1429 409 1476 450 in
1511 409 1710 452 cathedra

199 468 330 524 regali
359 468 540 523 lapidea,
573 473 625 510 ut
653 469 781 511 moris
814 472 889 519 est,
925 466 1171 510 collocatus³
1210 471 1254 509 et
1291 471 1541 520 coronatus3
1581 472 1624 510 et
1662 468 1710 509 in

198 526 308 568 festo
329 527 466 568 sancti
498 527 706 582 Stephani
735 527 928 583 proximo
955 525 1162 581 sequenti,
1182 525 1296 580 apud
1316 526 1491 568 Novum
1511 531 1709 577 castrum,

197 584 287 640 regi
315 585 523 627 Edwardo
552 589 734 640 tyranno
756 585 1012 640 homagium,
1031 583 1293 635 inconsulto⁴
1320 585 1439 639 regni
1468 585 1710 635 baronibus,

197 642 384 697 praelatis
409 648 452 685 et
479 643 574 685 aliis
600 643 835 699 regnicolis,
855 657 931 698 pro
958 656 1086 698 regno
1108 642 1266 684 Seooiae
1290 642 1544 684 tenendum⁵
1564 643 1618 685 de
1647 656 1709 693 00,

199 701 395 755 nequiter
443 705 486 743 et
539 701 791 743 stultissime
845 701 971 743 fecit:
1021 700 1136 755 quod
1183 703 1282 742 ante
1332 700 1412 743 hoc
1461 715 1709 755 nuncquam

198 759 342 799 visum
376 759 460 801 fuit
490 773 515 801 a
544 759 695 800 mundi
723 759 944 814 principio,
965 763 1008 800 et
1038 772 1174 813 usque
1206 758 1260 799 ad
1292 758 1421 800 finem
1452 759 1604 800 mundi
1634 773 1708 813 op-

198 816 415 871 probrium
447 817 538 872 ejus
569 831 656 858 non
687 817 906 859 delebitur.
969 817 1058 858 Iste
1093 829 1192 857 vero
1212 817 1242 858 J
1245 816 1433 858 ohannes
1453 817 1506 858 de
1526 817 1709 859 Balliolo

198 875 282 915 fuit
312 880 534 917 coronatus
564 888 676 917 anno
705 874 883 916 Domini
910 880 962 915 ΜΟ
975 880 1064 915 ccc⁰
1094 874 1237 915 minus
1268 879 1362 916 octo
1391 875 1525 917 annis.
1586 875 1710 917 Circa

196 932 311 973 idem
330 936 501 987 tempus
521 938 688 974 mortua
708 936 773 974 est
794 932 1023 974 Helienora
1042 932 1187 987 regina
1213 932 1406 987 Angliae3
1436 936 1480 974 et
1500 933 1614 987 cepit
1632 948 1709 975 rex

196 990 365 1046 Angliae
394 991 660 1033 taxacionem
689 991 736 1031 in
765 990 923 1045 Anglia
952 1003 1162 1045 magnam,
1192 993 1282 1031 tam
1312 991 1559 1032 clericorum
1579 1005 1710 1046 quam

195 1048 411 1099 laicorum,
446 1049 500 1090 ad
535 1048 837 1103 expellendum
867 1047 1039 1091 Judaeos
1061 1048 1113 1089 de
1143 1047 1311 1103 Anglia.
1374 1048 1539 1099 Quibus
1575 1050 1710 1091 eciam

196 1107 457 1160 temporibus
496 1112 652 1148 ventus
699 1106 868 1148 validus
917 1106 965 1147 in
1015 1105 1207 1148 Scociam
1247 1110 1290 1147 et
1329 1105 1532 1160 Angliam
1570 1108 1710 1149 multa

196 1164 382 1219 dampna
410 1164 522 1215 fecit,
542 1165 689 1206 domos
720 1165 967 1219 dirumpens
996 1163 1227 1219 prostravit
1257 1167 1332 1205 aut
1361 1164 1535 1215 detexit,
1556 1165 1708 1207 herbas

194 1222 355 1263 urendo
395 1223 573 1273 exaruit,
608 1223 813 1264 silvarum
852 1222 1019 1264 arbores
1059 1221 1310 1263 eradicando
1346 1222 1514 1272 evulsit,
1549 1228 1593 1265 et
1625 1224 1710 1265 alia

194 1279 396 1334 plurima⁶
415 1281 601 1335 dampna
629 1281 899 1336 perpetravit.
958 1280 1055 1321 Hoc
1079 1280 1214 1322 eciam
1243 1293 1354 1321 anno
1376 1281 1586 1335 congressi
1607 1286 1710 1323 sunt

194 1351 270 1392 per
289 1339 451 1380 bellum
480 1339 632 1381 navale
662 1339 890 1394 piraticum
909 1338 1042 1394 Angli
1072 1342 1218 1380 contra
1239 1338 1396 1389 Gallos,
1427 1339 1503 1380 ubi
1522 1340 1710 1380 maxima

195 1401 355 1451 strages
390 1397 502 1439 facta
541 1400 605 1439 est
644 1398 688 1439 N
690 1411 1002 1447 ormannomm,
1037 1400 1081 1438 et
1119 1396 1211 1437 dira
1248 1410 1399 1451 guerra
1437 1396 1551 1438 inter
1589 1411 1708 1452 reges

194 1454 384 1496 Franciae
397 1460 440 1497 et
451 1455 621 1511 Angliae
637 1455 743 1497 orta⁷
758 1459 832 1498 est.
879 1455 1057 1510 Propter
1071 1454 1186 1509 quod
1199 1468 1273 1496 rex
1288 1454 1458 1509 Angliae
1474 1455 1708 1497 Edwardus

195 1513 364 1567 scripsit
394 1513 483 1569 regi
514 1513 723 1555 vilissimo
754 1514 784 1556 J
787 1513 946 1554 ohanni
968 1513 1020 1554 de
1050 1512 1245 1563 Balliolo‚
1266 1517 1316 1555 ut
1346 1513 1440 1563 sibi,
1461 1513 1542 1555 sub
1562 1513 1708 1555 debita

193 1570 353 1612 virtute
363 1571 597 1625 juramenti
616 1585 754 1626 poena,
770 1576 813 1613 et
825 1571 927 1626 legii
941 1570 1148 1625 homagio,
1163 1584 1410 1612 succursum
1425 1571 1528 1613 totis
1545 1571 1708 1614 viribus

194 1628 248 1669 ad
268 1628 574 1683 insurgendum
594 1634 740 1671 contra
759 1643 901 1684 regem
921 1629 1110 1670 Franciae
1138 1633 1367 1683 praestaret.
1429 1629 1524 1679 Quo
1544 1633 1707 1680 vocato,

193 1686 241 1726 in
270 1686 559 1741 parleamento
589 1687 815 1729 Londonii8
833 1691 1048 1742 repertum
1073 1690 1138 1728 est
1167 1686 1310 1740 ipsum
1337 1686 1391 1727 ad
1420 1686 1500 1728 hoc
1529 1687 1708 1730 minime

193 1745 340 1794 teneri,
361 1758 409 1787 eo
431 1744 544 1799 quod
578 1759 654 1800 per
672 1746 762 1787 vim
782 1749 826 1787 et
849 1749 1013 1787 metum
1037 1744 1330 1799 juramentum
1351 1744 1403 1785 ab
1425 1758 1472 1785 eo
1493 1748 1708 1786 extortum

194 1806 269 1852 est,
283 1807 325 1844 et
340 1816 416 1857 per
431 1803 695 1845 coaccionem
716 1803 770 1845 ad
790 1803 870 1845 hoc
891 1802 1137 1857 compulsus
1158 1805 1232 1844 est.
1276 1802 1344 1852 Et,
1359 1802 1461 1843 licet
1480 1801 1559 1844 hoc
1581 1816 1707 1857 spon-

193 1859 334 1901 tanee⁹
346 1861 526 1912 fecisset,
541 1866 696 1911 tamen,
712 1862 804 1903 viso
821 1861 935 1916 quod
954 1860 1209 1902 inconsultis
1229 1860 1365 1901 tribus
1385 1860 1504 1914 regni
1524 1861 1707 1903 statibus

193 1918 307 1960 110010
322 1918 434 1969 fecit,
450 1919 583 1961 nichil
599 1919 736 1962 valuit
751 1920 1044 1974 juramentum
1063 1919 1280 1973 privatum
1294 1918 1341 1959 in
1361 1918 1496 1959 officio
1516 1918 1707 1973 publico:

193 1989 294 2016 nam
313 1977 605 2030 juramentum
635 1978 822 2019 solemne
843 1978 890 2019 in
908 1978 1017 2032 regis
1045 1976 1318 2018 coronacione
1338 1976 1511 2026 factum,
1532 1976 1587 2017 ad
1615 1990 1707 2018 rem

193 2034 410 2087 publicam
444 2035 585 2077 debite
621 2039 663 2077 et
697 2036 891 2090 juridice,
922 2039 972 2076 ut
1006 2035 1139 2085 decet,
1175 2034 1414 2089 regendam,
1442 2034 1586 2075 omnia
1621 2034 1707 2076 alia

189 2091 432 2145 juramenta
451 2092 621 2135 incaute
650 2094 764 2135 facta
784 2099 827 2135 et
846 2094 1024 2148 privata,
1045 2092 1256 2147 praefato¹¹
1282 2092 1524 2146 juramento
1554 2106 1705 2148 repug-

195 2149 360 2199 nancia,
380 2150 595 2205 extinguit
624 2155 668 2193 et
691 2150 972 2193 denichilat12
1030 2151 1123 2192 Rex
1142 2164 1253 2199 vero,
1274 2150 1320 2190 in
1340 2150 1518 2204 privatis
1539 2150 1706 2192 actibus

194 2207 294 2257 suis,
315 2221 401 2248 non
421 2212 486 2249 est
505 2208 590 2249 nisi
608 2212 814 2263 tanquam
833 2222 1011 2264 persona
1031 2209 1208 2263 privata,
1228 2212 1317 2249 tam
1337 2208 1390 2249 de
1410 2208 1521 2249 votis
1542 2208 1705 2262 quam13

193 2265 410 2319 promissis
431 2279 480 2306 ac
495 2266 750 2320 juramentis
780 2266 986 2308 incautis:
1016 2266 1118 2320 quia
1138 2265 1343 2307 delictum
1364 2265 1590 2321 singularis
1610 2280 1705 2320 per-

193 2336 308 2364 sonae
329 2337 415 2364 non
436 2323 562 2365 debet
576 2324 624 2364 in
639 2323 942 2366 detrimentum
962 2324 1099 2365 tocius
1121 2323 1440 2364 communitatis
1460 2323 1705 2376 redundari3

193 2394 282 2430 nec,
296 2381 503 2431 similiter,
514 2381 817 2435 juramentum,
829 2382 1096 2436 promissum,
1104 2380 1208 2422 vel¹4
1219 2386 1369 2422 votum
1381 2381 1546 2436 praelati
1559 2386 1706 2423 contra

192 2438 508 2494 privilegium,¹⁵
523 2440 569 2480 in
589 2440 753 2481 actibus
773 2439 1071 2481 communitati
1090 2439 1400 2494 pertinentibus
1421 2439 1618 2490 ecclesiae,
1634 2439 1705 2482 vel

192 2497 398 2552 generalis
433 2497 561 2539 officii
599 2497 846 2553 privilegiis,
878 2497 1175 2552 quoquomodo
1210 2497 1350 2539 valere
1383 2497 1566 2552 poterit:
1605 2512 1706 2539 nam

193 2554 247 2596 ad
266 2554 346 2597 hoc
366 2555 503 2597 multa
527 2556 626 2610 jura
647 2569 690 2597 se
710 2554 980 2597 accordant.¹⁶
1040 2555 1110 2597 Sic
1139 2568 1217 2597 nec
1242 2555 1547 2612 juramentum·
1559 2559 1706 2597 contra

256 2687 267 2709 ¹
285 2689 321 2721 O.
341 2690 484 2731 ejectus.
777 2688 792 2710 ²
809 2690 844 2722 C.
865 2690 904 2723 E.
923 2691 1003 2722 omit
1019 2692 1064 2723 et.
1278 2688 1293 2710 3
1309 2690 1345 2723 C.
1364 2690 1407 2722 D.
1426 2689 1624 2723 collacatus.

257 2734 271 2755 4
287 2736 325 2768 B.
344 2737 380 2769 C.
400 2737 437 2769 E.
457 2736 672 2770 inconsultis.
778 2735 793 2757 ⁶
811 2737 848 2769 B.
867 2737 1030 2770 tenendo.
1280 2735 1295 2757 ⁰
1312 2737 1350 2769 B.
1371 2737 1478 2779 plura.

257 2780 270 2803 ⁷
289 2783 326 2815 O.
344 2782 383 2815 E.
401 2787 526 2817 ortata.
781 2782 794 2804 ⁸
812 2784 849 2816 B.
869 2784 908 2816 E.
930 2783 1174 2817 Londoniensi.
1225 2783 1262 2816 O.
1282 2783 1510 2816 Laudonenii.

257 2826 271 2848 ⁹
288 2829 323 2862 C.
343 2831 520 2871 spontanii
538 2831 665 2863 altered
680 2831 772 2870 from
789 2834 972 2874 spontane.
1023 2832 1064 2864 D.
1084 2831 1277 2875 spontanie.

243 2874 270 2895 ¹⁰
287 2876 323 2908 C.
343 2876 380 2909 E.
400 2877 483 2910 haec.
534 2878 575 2910 D.
595 2878 668 2910 haec
686 2879 813 2911 blocced.
1257 2877 1283 2898 ¹¹
1303 2878 1339 2910 Β.
1359 2877 1508 2920 privato.

242 2920 270 2942 ¹2
288 2923 323 2954 C.
343 2923 382 2956 E.
402 2924 603 2957 adnichilat.
764 2924 792 2946 ¹3
810 2926 847 2959 O.
868 2925 906 2959 E.
926 2925 999 2958 add
1016 2925 1069 2958 de.
1257 2923 1284 2945 ¹⁴
1303 2925 1340 2957 O.
1359 2925 1398 2956 Ε.
1419 2927 1490 2956 aut.

242 2967 270 2989 ¹⁵
285 2968 324 3002 B.
344 2970 379 3003 O.
399 2971 440 3003 D.
459 2972 498 3004 E.
518 2971 700 3016 privilegia
717 2972 877 3005 ecclesiae.
1258 2970 1287 2992 ¹⁰
1304 2971 1341 3005 B.
1361 2969 1584 3004 concordant.
