2008 3360
407 348 426 385 1
435 348 457 385 4
464 348 487 385 6
878 357 1003 388 LIBER
1023 357 1379 390 PLUSCARDENSIS.

400 459 611 514 praedicta,
630 461 723 516 pari
751 460 875 503 modo
902 462 951 503 in
979 461 1187 512 omnibus,
1206 461 1318 504 sicut
1345 461 1508 504 dictum
1536 466 1601 506 est
1628 463 1831 519 superius,
1852 477 1896 506 se

401 517 643 570 habebunt;
676 519 873 573 dictoque
892 519 980 574 regi
1007 518 1176 575 Angliae
1204 518 1459 561 similimodo
1486 520 1588 562 totis
1615 521 1777 563 viribus
1805 522 1894 564 suis

398 588 589 630 guerram
618 576 784 627 facient,
804 576 915 618 sicut
933 577 1126 632 superius
1146 580 1211 619 est
1238 590 1492 632 expressum.
1550 577 1620 619 Ad
1639 578 1752 632 quod
1779 592 1892 621 asse-

400 633 632 674 curandum
657 637 746 675 tam
776 633 942 688 praelati
971 648 1101 689 quam
1126 634 1313 685 comites,
1341 634 1517 677 barones
1547 638 1590 677 et
1618 635 1693 677 alii
1719 636 1892 686 nobiles,

399 703 564 731 necnon
596 691 893 734 universaliter
921 691 1216 734 communiter¹
1244 692 1350 734 dicti
1377 692 1496 748 regni
1524 692 1741 743 notabiles,
1770 693 1892 736 duas²

399 760 524 802 super
542 747 622 789 hoc
640 747 786 791 literas
804 754 1010 804 patentes,
1029 749 1180 805 sigillis
1199 749 1287 792 suis
1306 750 1505 801 munitas,
1524 750 1774 805 quantocius
1802 751 1893 793 fieri

396 805 563 859 poterit,
583 805 866 850 destinabunt.
926 807 1195 850 Oonventum
1213 807 1297 849 fuit
1315 808 1489 862 insuper
1506 807 1617 850 inter
1634 821 1712 849 nos
1738 811 1781 850 et
1799 821 1893 863 pro-

397 867 607 905 curatores
640 863 874 919 praedictos,
904 865 1075 908 nomine
1109 878 1193 920 quo
1227 878 1365 920 supra,
1398 865 1523 919 quod,
1556 865 1595 907 si
1627 864 1893 920 praelibatum

396 919 564 975 Angliae
591 934 742 977 regem,
772 922 1036 965 coadunatis⁸
1054 923 1143 965 suis
1162 923 1335 974 viribus,
1363 936 1540 978 regnum
1569 922 1726 965 Scociae
1744 936 1820 978 per
1847 936 1893 966 se

396 977 467 1019 vel
504 977 638 1021 alium
674 979 874 1023 invadere
911 981 1019 1023 forte
1057 980 1291 1036 contigerit,
1328 986 1426 1036 post
1462 994 1654 1036 guerram
1691 980 1801 1022 hanc
1839 980 1894 1022 ad

395 1035 719 1090 requisicionem
747 1042 935 1080 nostram
957 1052 1033 1094 per
1060 1038 1223 1080 dictum
1251 1038 1408 1080 Scociae
1435 1051 1576 1094 regem
1604 1042 1799 1094 coeptam,
1818 1051 1894 1081 seu

395 1098 493 1147 post
527 1095 898 1138 confoederacionis
937 1096 1187 1138 affinitatem
1225 1095 1336 1138 inter
1365 1109 1443 1138 nos
1474 1100 1519 1138 et
1552 1096 1720 1138 eosdem
1752 1109 1893 1151 regem

396 1151 552 1194 Scociae
585 1156 630 1194 et
660 1153 891 1210 regnicolas
920 1153 1121 1204 habitam,
1149 1153 1399 1209 praesertim4
1426 1153 1562 1208 ipsius
1594 1154 1703 1209 regis
1737 1154 1895 1196 80001εο

394 1208 538 1264 super⁵
555 1209 635 1252 hoc
665 1224 846 1266 congruo
871 1215 1059 1267 tempore
1088 1211 1200 1254 inter
1218 1224 1295 1253 nos
1324 1216 1368 1253 et
1395 1211 1471 1253 illa
1494 1209 1725 1253 occasions⁶
1743 1225 1892 1253 earun-

394 1266 503 1318 dem,
522 1266 750 1310 dummodo
770 1282 823 1311 ex
851 1274 971 1324 parte
998 1269 1133 1324 ipsius
1161 1268 1288 1324 regis⁷
1316 1282 1441 1324 super
1466 1268 1545 1311 hoc
1574 1282 1755 1324 congruo
1783 1273 1891 1311 tem-

391 1336 492 1378 pore
511 1324 718 1368 fuerimus
736 1326 990 1382 praemuniti,
1009 1327 1091 1368 sibi
1114 1326 1351 1368 subsidium
1369 1326 1572 1368 faciemus
1590 1326 1733 1381 ipsum
1750 1340 1891 1381 regem

394 1380 562 1436 Angliae
580 1396 657 1438 per
673 1388 813 1438 partes
833 1383 938 1427 alias
967 1384 1221 1440 occupando,
1240 1388 1291 1426 ut
1309 1384 1370 1426 sic
1390 1384 1443 1426 ab
1461 1382 1653 1439 inceptu⁸
1670 1384 1891 1426 invasione

394 1439 635 1495 supradicta
654 1441 707 1483 ab
726 1441 811 1484 alia
838 1446 957 1497 parte
977 1441 1209 1484 distruatur
1223 1440 1256 1494 3⁹
1288 1445 1364 1483 aut
1383 1441 1423 1484 ei
1442 1441 1696 1483 conveniam
1725 1441 1889 1496 adjuto-

392 1496 517 1548 rium,
555 1499 795 1554 sumptibus
834 1500 988 1542 nostris
1021 1513 1242 1555 quousque
1275 1498 1322 1540 in
1355 1499 1545 1541 Scociam
1577 1498 1891 1554 pervenerint,¹⁰

394 1553 533 1596 eidem
570 1557 904 1599 transmittendo.
994 1557 1040 1599 Si
1077 1570 1177 1599 vero
1213 1570 1289 1599 rex
1326 1556 1495 1612 Angliae
1531 1560 1687 1598 terram
1722 1556 1891 1612 Angliae

393 1611 570 1654 forsitan
588 1614 864 1668 personaliter
882 1613 1078 1666 exierit‚¹¹
1095 1614 1167 1657 vel
1184 1618 1340 1656 terram
1362 1614 1500 1669 ipsam
1518 1613 1697 1655 notabili
1715 1614 1891 1656 forsitan

393 1669 587 1724 peditum
606 1675 862 1715 armatorum
881 1685 1067 1723 numero,
1086 1671 1265 1714 durante
1283 1685 1431 1727 guerra
1449 1671 1561 1714 inter
1579 1684 1656 1713 nos
1676 1675 1719 1714 et
1737 1671 1891 1727 ipsum,

394 1729 672 1780 evacuaverit,
709 1730 994 1785 promiserunt
1036 1733 1321 1786 procuratores
1363 1729 1566 1785 praedicti,
1607 1729 1890 1784 procuratorio

393 1785 564 1828 nomine
603 1787 701 1842 quo'
716 1800 854 1843 supra,
893 1787 1017 1843 quod,
1047 1788 1259 1843 praecipue
1297 1787 1344 1829 in
1377 1787 1457 1829 hoc
1496 1785 1606 1837 Casu,
1644 1786 1784 1829 dictus
1814 1800 1890 1829 rex

393 1842 551 1885 Scociae
579 1857 678 1886 cum
696 1848 786 1887 toto
814 1858 938 1901 posse
966 1859 1042 1888 suo
1071 1845 1225 1888 terra'm
1253 1844 1431 1900 Angliae,
1450 1848 1610 1899 quanto
1638 1843 1773 1886 lacius
1799 1844 1890 1886 sive

392 1900 678 1955 profundius¹²
689 1903 856 1958 poterit,
870 1903 1026 1946 intrare
1040 1903 1215 1954 curabit,
1229 1902 1420 1945 faciendo
1432 1914 1626 1957 guerram
1644 1900 1890 1956 bellumque

393 1963 637 2014 campestre,
668 1960 917 2011 obsedendo‚
949 1960 1168 2011 vastando,
1200 1973 1250 2002 ac
1286 1973 1428 2015 regem
1459 1958 1625 2014 Angliae
1658 1962 1702 2001 et
1733 1962 1890 2001 terram

393 2016 496 2070 ejus,
530 2017 726 2060 omnibus
764 2018 900 2060 modis
928 2018 1140 2073 praedictis
1169 2017 1324 2072 quibus
1362 2017 1529 2072 poterit,
1563 2016 1662 2067 suis,
1695 2019 1746 2058 ut
1782 2029 1888 2071 prae-

391 2073 590 2125 mittitur,
620 2075 871 2130 sumptibus,
900 2075 1196 2131 impugnando.
1256 2074 1417 2116 Actum
1449 2078 1493 2116 et
1521 2072 1799 2129 expressum¹⁸
1824 2078 1890 2116 est

392 2131 505 2173 inter
535 2145 613 2174 nos
642 2137 686 2175 et
713 2136 999 2188 procuratores
1031 2132 1264 2188 praedictos,
1294 2132 1466 2174 nomine
1495 2145 1579 2187 quo
1609 2144 1749 2186 supra,
1775 2131 1889 2186 quod

393 2202 470 2231 nos
490 2189 543 2231 de
565 2204 724 2246 guerra,
744 2204 873 2246 quam
900 2191 1100 2246 praefatus
1128 2205 1204 2233 rex
1224 2189 1414 2233 Scociae¹⁴
1443 2193 1486 2232 et
1512 2202 1768 2231 successores
1798 2189 1887 2243 ejus

393 2251 538 2289 contra
567 2248 791 2303 praefatum
828 2248 996 2304 Angliae
1027 2262 1168 2304 regem
1200 2261 1276 2304 pro
1310 2247 1432 2289 nobis
1465 2246 1633 2297 facient,
1663 2250 1888 2301 postquam

391 2317 583 2358 guerram
601 2306 741 2361 ipsam
759 2306 813 2348 ad
830 2304 1184 2362 reguis'icionem15
1203 2305 1595 2355 nostramfecerint,
1614 2304 1685 2346 vel
1703 2303 1751 2354 si,
1770 2316 1886 2345 occa-

337 2369 343 2376 “
392 2362 510 2404 810110
543 2362 697 2405 initae¹¹¹
723 2363 943 2406 affinitatis
982 2368 1026 2406 et
1058 2363 1438 2413 confoederacionis‚
1471 2362 1585 2404 idem
1617 2374 1692 2403 rex
1730 2360 1886 2402 Scociae

387 2418 479 2471 jam
506 2434 698 2475 guerram
717 2422 864 2464 fecerit
888 2420 1177 2477 praedictam‚¹⁷
1196 2424 1271 2463 aut
1287 2434 1365 2463 rex
1383 2419 1552 2475 Angliae
1571 2422 1715 2460 contra
1733 2417 1886 2472 ipsum,

393 2477 608 2520 occasione
636 2479 957 2533 praemissorum,
976 2482 1061 2522 1100
1074 2479 1208 2522 eciam
1226 2478 1279 2520 de
1297 2477 1497 2533 praediota
1514 2489 1662 2531 guerra
1681 2475 1885 2529 composi-

455 2582 467 2604 ¹
486 2584 523 2617 O.
541 2584 581 2618 Ε.
599 2586 865 2620 communicant.
1006 2585 1022 2608 ²
1038 2587 1074 2621 O.
1092 2587 1132 2620 Ε.
1149 2597 1241 2620 suas.
1467 2582 1482 2606 ³
1498 2583 1535 2617 B·
1554 2594 1624 2626 quo
1640 2582 1812 2616 adunatis-

450 2628 466 2650 4
483 2630 519 2664 O.
539 2631 580 2664 Ε.
597 2635 793 2674 praesenter.
842 2634 884 2667 D.
902 2633 1094 2677 praesertim
1109 2635 1145 2667 in
1160 2644 1250 2667 same
1265 2632 1361 2666 hand
1375 2642 1452 2665 over
1467 2632 1664 2674 praesenter.

453 2675 469 2697 ⁵
484 2676 623 2711 Alter-ed
640 2679 725 2712 later
731 2680 831 2721 from
846 2690 918 2713 suo.
969 2681 1011 2713 D.
1029 2690 1101 2713 suo.

452 2722 469 2744 ⁰
483 2724 554 2757 For
569 2725 754 2759 occasione.
803 2726 842 2759 Β.
863 2726 1062 2759 occasionis.
1109 2725 1146 2759 C.
1166 2725 1208 2758 D.
1227 2725 1266 2758 Ε.
1285 2723 1471 2758 occasione.

454 2769 468 2792 ⁷
486 2771 522 2804 O.
538 2771 579 2804 D.
594 2772 633 2805 E.
649 2773 722 2805 add
739 2772 874 2806 Scociae.
1015 2771 1030 2794 ⁸
1047 2773 1084 2807 O.
1102 2773 1143 2807 E.
1162 2772 1311 2815 incepta.

453 2815 469 2838 ⁹
484 2818 522 2851 B.
541 2818 583 2851 D.
602 2818 829 2852 distrahatur.
879 2819 917 2854 C.
935 2819 974 2853 E.
993 2819 1194 2854 distraatur·

438 2862 467 2884 ¹⁰
482 2864 521 2898 B.
540 2866 746 2908 pervenerit.
996 2865 1024 2888 ¹¹
1039 2866 1076 2899 O.
1095 2866 1135 2898 Ε.
1153 2864 1274 2899 exiret.
1448 2861 1477 2884 ¹²
1492 2862 1528 2896 O.
1547 2862 1752 2907 profundus.

437 2909 466 2931 ¹³
481 2911 517 2945 O.
535 2912 574 2947 E.
593 2912 676 2946 have
691 2912 823 2946 Actum
838 2914 1005 2956 praeterea
1021 2915 1057 2947 et
1073 2922 1232 2956 expresse
1243 2912 1462 2945 conventum.

436 2956 465 2979 ¹⁴¹
481 2958 610 2992 Seoeiae
625 2961 662 2992 in
678 2961 809 3002 marqin
827 2961 922 2994 later.
1333 2955 1363 2979 ¹⁶
1378 2957 1417 2990 B.
1435 2957 1472 2990 C.
1490 2956 1533 2990 D.
1553 2956 1590 2990 Ε.
1608 2955 1881 2999 requisioiouem.

436 3004 465 3027 ¹⁰
481 3006 518 3040 O.
538 3007 579 3040 D.
598 3007 637 3040 E.
655 3006 744 3040 initi.
1331 3002 1360 3026 ¹⁷
1377 3004 1414 3037 B.
1434 3004 1471 3037 O.
1490 3002 1532 3036 D.
1551 3003 1590 3038 E.
1609 3002 1852 3046 supradictam.
