1968 3360
710 321 835 353 LIBER
856 321 1077 352 SEPTIMUS.
1470 362 1473 363 ⁷
1598 312 1649 350 57

145 429 267 472 aliter
295 431 609 484 processerunt:
638 430 681 470 et
700 427 822 470 haec
810 441 856 469 111
876 426 1169 469 Ρο110101110011
1198 425 1355 481 scripta
1385 428 1578 468 asserunt
1608 438 1653 466 se

145 488 313 530 vidisse.
372 488 440 538 Et,
470 487 570 541 quia
599 486 689 528 haec
718 486 894 528 materia
922 486 1137 528 modicum
1166 485 1329 527 confert
1358 485 1411 526 ad
1431 483 1653 526 materiam

147 546 391 601 subjectam,
422 545 600 587 0311(10111
630 544 782 587 leviter
809 544 1134 604 pertransiundo
1161 542 1448 599 praetermitto.
1530 541 1653 584 Circa

147 604 263 646 idem
293 608 463 659 tempus
497 617 573 645 rex
607 603 795 645 Franciae
830 599 1068 657 Philippus,
1087 601 1141 644 ad
1161 601 1411 643 mandatum
1443 614 1576 655 papae,
1605 600 1653 640 in

147 662 351 718 Angliam
390 662 578 703 maxima
617 661 749 703 classe
789 664 1046 702 armatorum
1086 674 1161 726 pro
1205 664 1393 715 tempore
1433 658 1652 701 interdicti

148 721 310 763 iturum
325 734 369 762 se
385 720 613 775 proposuit.
655 719 748 768 Sed,
762 719 863 774 quia
878 722 1024 760 contla
1036 718 1234 760 comitem
1246 719 1280 759 F
1281 718 1465 760 landreae
1480 730 1653 759 causam

148 778 468 834 ingratitudinis
502 777 801 833 praetendebat,
831 780 1038 818 armatam
1078 790 1200 818 suam
1234 790 1332 818 cum
1367 776 1499 818 classe
1539 774 1654 830 apud

147 837 395 886 Exclusum,
425 836 539 891 quod
567 834 797 889 vulgariter
826 834 982 876 dicitur
1011 835 1069 876 Le
1100 835 1234 884 Sleus,
1265 833 1580 884 transmutavit,
1610 837 1654 875 et

149 895 298 936 villam
314 895 366 936 de
382 896 554 948 Bruges,
567 892 649 934 sibi
664 892 940 934 rebellantem
956 896 998 934 et
1011 893 1181 935 comitel
1195 893 1411 935 Flandreae
1426 893 1653 943 faventem,

150 953 233 994 sibi
262 927 513 1007 subjugavit,
533 955 586 1001 et,
608 950 718 992 datis
738 950 887 991 multis
907 950 1115 992 millibus²
1145 952 1248 1001 auri,
1280 951 1377 993 aliis
1409 950 1655 993 custodibus

149 1011 196 1052 in
211 1011 392 1065 patriam
404 1008 652 1064 deputavit;
681 1012 723 1050 et
739 1008 811 1058 sic,
826 1008 1010 1049 transitu
1024 1008 1071 1049 in
1086 1008 1287 1064 Angliam
1302 1009 1459 1059 relicto,
1474 1009 1521 1050 in
1534 1021 1656 1050 suam

149 1068 331 1124 patriam
350 1080 541 1109 reversus
573 1070 646 1108 est.
713 1066 1030 1120 Consequenter
1058 1080 1169 1116 vero,
1199 1080 1311 1109 anno
1341 1066 1549 1122 sequenti,
1580 1080 1656 1108 rex

149 1126 319 1181 Angliae
348 1125 378 1167 J
381 1124 600 1167 ohannes
588 1139 636 1165 111
663 1123 946 1179 Aquitaniam
974 1124 1277 1175 transfretavit,
1298 1128 1341 1167 et
1361 1125 1476 1179 apud
1496 1124 1657 1179 Rupel-

149 1184 237 1226 13111
257 1183 499 1238 applicavit,
501 1183 517 1208 ³
537 1186 580 1224 et
599 1182 900 1237 Andegaveam
919 1182 1160 1224 invadendo
1180 1183 1428 1238 occupavit3
1459 1187 1512 1233 et,
1533 1187 1658 1237 capta

149 1241 412 1291 Α11·011ο1(10,4
431 1241 575 1296 regina
601 1241 815 1296 quondam
836 1241 871 1282 F
871 1254 1036 1291 13110130,
1056 1244 1160 1282 tunc
1190 1241 1411 1296 repudiata
1435 1245 1479 1282 et
1499 1241 1552 1282 ob
1574 1240 1659 1282 sui⁵

149 1300 316 1343 sceleris
346 1299 576 1354 perniciem
604 1299 762 1349 relicta,
792 1299 839 1340 in
858 1299 1058 1354 Angliam
1078 1299 1326 1349 transmisit,
1346 1303 1390 1341 et
1419 1298 1540 1340 artis6
1570 1312 1658 1340 car-

149 1358 315 1400 ceribus
344 1358 571 1399 detinendo
602 1357 832 1412 deputavit.
893 1357 950 1398 Et
969 1357 1071 1412 quia
1090 1357 1184 1412 ipsa
1204 1371 1318 1399 soror
1338 1357 1422 1399 suit
1441 1356 1658 1412 quondam

149 1416 329 1458 Arthuri
344 1416 511 1458 comitis
529 1415 741 1466 Britaniae,
754 1415 921 1470 nepotis
937 1415 1053 1466 suae,⁷
1068 1429 1143 1471 per
1159 1429 1257 1458 eum
1278 1415 1382 1458 alias
1398 1415 1658 1469 interempti,

151 1479 194 1517 et
225 1474 345 1516 heres
375 1474 613 1529 propinqua
642 1473 874 1515 multarum
903 1477 1109 1515 terrarum
1139 1488 1245 1528 quas
1275 1474 1366 1529 ipse
1398 1478 1502 1516 tunc
1534 1487 1658 1515 occu—

151 1533 292 1588 pabat,
313 1532 470 1588 [noluit
500 1546 593 1574 eam
623 1532 862 1587 cuicunque
882 1532 1046 1574 tradere
1067 1546 1254 1582 uxorem,
1273 1533 1430 1574 timens
1460 1546 1536 1587 per
1563 1545 1657 1574 03111

151 1591 324 1646 perdere
335 1595 466 1632 terras
479 1590 560 1632 sibi
572 1590 832 1645 pertinentes
848 1604 954 1645 quas
975 1604 1023 1632 eo
1042 1595 1232 1645 tempore
1248 1591 1510 1646 occupabat}
1557 1590 1658 1645 Ipse

152 1653 296 1691 autem
334 1662 409 1690 rex
447 1649 476 1690 J
480 1648 667 1690 ohannes
706 1649 869 1703 primus
903 1662 1046 1690 muros
1080 1648 1340 1704 Andegaviae
1376 1648 1564 1691 civitatis
1604 1662 1658 1689 ex

151 1711 332 1762 utraque
351 1710 470 1762 parte
490 1720 610 1761 aquae
640 1706 892 1748 consolidari
922 1707 1045 1758 fecit;
1075 1707 1189 1761 quod
1209 1712 1353 1749 autem
1373 1721 1448 1749 rex
1469 1706 1658 1748 Francia}

153 1765 343 1815 audiens,
362 1765 455 1819 ipso
486 1765 641 1819 fugato,
673 1765 797 1806 dictae
829 1763 1036 1806 civitatis⁸
1055 1765 1317 1819 Andegaviae
1348 1779 1503 1815 muros,
1533 1769 1658 1820 capta

154 1824 340 1873 civitate,
360 1823 555 1865 funditus
576 1822 739 1865 evertit.
799 1823 928 1864 Anno
944 1836 1042 1864 vero
1064 1823 1259 1878 sequenti
1280 1823 1497 1864 Romanus
1516 1823 1659 1878 ponti-

154 1878 233 1924 fex'
265 1881 452 1923 edictum
490 1881 683 1936 generale
712 1880 921 1923 universis
955 1881 1116 1923 Christi
1146 1881 1354 1932 fidelibus,
1389 1881 1575 1936 praelatis
1616 1886 1658 1923 et

154 1939 327 1990 clericis,
347 1939 395 1980 in
424 1938 685 1981 subsidium⁹
715 1943 872 1981 sanctae
901 1939 1049 1981 matris
1079 1939 1265 1982 ecelesiae
1285 1953 1360 1995 per
1379 1939 1662 1981 universum¹⁰

154 1998 298 2040 orbem
333 1998 415 2039 sibi
446 1997 613 2040 obedire
639 1997 893 2048 volentibus,
922 2001 972 2039 ut
1002 1998 1158 2048 Romae,
1189 1998 1265 2039 ubi
1289 1997 1515 2040 consilium
1535 2011 1659 2053 gene-

153 2056 240 2098 rale
267 2055 475 2098 celebrare
503 2056 735 2111 proposuit,
765 2059 878 2098 certo
907 2056 1089 2098 termino
1119 2056 1338 2098 nominato
1374 2056 1663 2106 convenirent,

155 2127 204 2155 ac
239 2113 377 2155 eidem
409 2118 554 2155 contra
588 2114 780 2156 infideles
814 2114 861 2155 in
893 2114 1050 2156 finibus
1082 2114 1418 2156 Christianitatis
1451 2114 1661 2155 intrantes

155 2171 366 2213 auxilium
396 2175 440 2213 et
473 2172 699 2213 consilium
729 2172 975 2227 praeberent,
1008 2186 1056 2214 ac
1090 2176 1246 2214 sanctae
1276 2172 1412 2214 crucis
1433 2171 1663 2227 signaculo,

155 2229 209 2272 ad
241 2229 529 2271 defensionem
558 2233 680 2271 terrae
710 2234 877 2280 sanctae,
908 2230 1050 2272 0101101
1085 2234 1128 2272 et
1161 2230 1272 2279 laici,
1302 2230 1462 2272 relictis
1491 2234 1663 2272 tantum

154 2287 389 2343 patriarum
428 2287 687 2338 custodibus,
716 2288 763 2329 in
802 2288 974 2329 nomine
1022 2288 1202 2330 Domini
1240 2288 1378 2330 Jhesu
1419 2288 1579 2331 Christi
1618 2301 1665 2330 30

157 2347 383 2401 signarent.
443 2345 544 2386 Hiis
582 2345 727 2400 itaque
771 2345 1046 2400 temporibus,
1085 2350 1135 2387 ut
1175 2346 1222 2387 in
1262 2346 1428 2401 magnis
1471 2346 1664 2388 Cronicis

157 2407 353 2446 notatum
373 2403 521 2459 reperi,
541 2417 617 2446 rex
640 2404 830 2445 Franciae
851 2403 1091 2459 Philippus,
1111 2404 1187 2459 qui
1206 2404 1254 2445 in
1273 2418 1401 2460 regno
1423 2418 1499 2446 suo
1520 2403 1663 2446 nullas

157 2462 333 2504 inutiles
373 2465 417 2504 et
456 2461 616 2503 ociosas
655 2475 854 2516 personas
890 2461 1067 2504 tolerare
1100 2462 1250 2513 voluit,
1284 2462 1523 2517 cujusmodi
1562 2466 1665 2505 sunt

157 2534 347 2576 personae
367 2533 462 2575 quae
481 2519 595 2561 ludis
615 2519 739 2561 vanis
760 2524 803 2561 et
822 2520 1048 2562 inutilibus
1069 2534 1117 2562 30
1137 2520 1373 2563 inhonestis
1395 2521 1529 2563 dediti
1549 2525 1663 2571 sunt,

159 2592 256 2634 quae
270 2578 404 2620 eciam
420 2578 593 2619 omnino
608 2578 670 2620 rei
685 2578 867 2633 publicae
882 2577 1047 2620 inimici
1059 2579 1278 2633 reputati¹¹
1295 2584 1442 2634 sunt‚a
1458 2579 1575 2621 curia
1586 2593 1665 2621 sua

159 2635 444 2691 expellendo¹²
464 2635 656 2687 exclusit,
677 2639 720 2678 et
740 2636 793 2678 de
812 2639 902 2678 toto
921 2650 1050 2692 regno
1071 2650 1274 2679 evacuare
1294 2638 1505 2692 praecepit.

221 2757 234 2780 ¹
253 2759 290 2792 C.
308 2759 351 2792 D.
370 2759 409 2792 E.
428 2759 558 2792 comiti.
701 2757 716 2780 ²
734 2759 889 2792 millibus
906 2760 942 2792 in
958 2762 1094 2802 maryin
1112 2761 1207 2794 later.
1354 2760 1368 2781 ³
1384 2762 1425 2795 E.
1443 2761 1624 2804 applicuit.

222 2804 237 2827 ⁴
253 2806 290 2839 C.
309 2806 347 2840 E.
366 2806 567 2840 Alienorde.
704 2805 718 2827 ⁵
734 2818 805 2839 suae
822 2807 950 2839 altered
966 2811 999 2840 to
1015 2807 1080 2840 sui.
1131 2808 1168 2841 C.
1187 2808 1230 2841 D.
1249 2808 1288 2841 E.
1307 2819 1389 2842 suae.

223 2852 239 2874 ⁶
255 2853 293 2886 O.
311 2853 408 2887 areis.
459 2854 498 2887 E.
519 2853 635 2887 arctis.
702 2852 716 2875 ⁷
733 2865 804 2887 suae
820 2854 899 2887 with.
915 2866 942 2887 ae
959 2854 1132 2896 emudqed.

222 2898 236 2920 ⁸
252 2911 296 2932 ex
313 2904 461 2944 utraque
479 2900 783 2944 parte—civitatis
800 2903 834 2934 in
852 2903 989 2943 maryin
1006 2902 1100 2935 lacer.
1197 2900 1212 2923 ⁰
1228 2902 1265 2937 C.
1285 2903 1325 2935 E.
1344 2904 1446 2935 insert
1463 2914 1663 2945 pauperum.

208 2946 236 2968 ¹⁰
253 2948 290 2981 C.
310 2948 349 2980 E.
368 2949 577 2982 universam.
630 2949 667 2982 C.
686 2949 775 2981 adds
791 2959 814 2980 v
830 2950 944 2981 scored
960 2954 1025 2981 out.
1079 2949 1150 2982 'Phe
1166 2950 1269 2983 scribe
1286 2961 1355 2982 was
1372 2955 1408 2982 ac
1420 2950 1501 2992 first
1517 2952 1617 2992 [seim]
1633 2954 1666 2983 ιο

162 2996 254 3028 write
272 2994 402 3029 urbem.
686 2994 712 3016 ¹¹
732 2996 769 3029 C.
790 2996 830 3029 D.
850 2996 890 3029 E.
908 2998 1089 3039 reputatae.
1188 2995 1216 3018 ¹²
1233 2997 1269 3030 C.
1290 2997 1507 3040 expellando.
