1982 3360
716 316 841 347 LIBER
861 314 1082 348 SEPTIMUS.
1602 307 1652 346 97

151 479 366 536 §equitat
384 480 432 525 he
451 480 570 525 mohs
592 479 785 525 miraculi
804 479 1218 592 &eatae-Qargmztae,
1239 492 1333 527 mm
1354 478 1652 524 iucihmtihnz.

845 581 854 590 .
875 560 1015 592 xxzm.

152 632 393 696 HNNO
432 648 610 691 Domini
647 657 701 690 Μο
713 656 778 691 cc⁰
788 648 913 699 lxiii⁰‚
946 651 997 691 ut
1027 648 1291 704 praemissum
1331 652 1406 699 est,
1446 647 1656 703 applicuit
1673 663 1741 688 nn.
1761 655 1848 687 1263.

153 721 229 749 rex
248 708 292 750 N
293 707 494 764 orwegiae‚
514 721 611 750 cum
630 706 882 749 bellatorum
902 706 1088 748 maxima
1106 706 1395 758 multitudine,
1411 706 1524 762 apud
1545 707 1656 749 Gon-

153 765 393 821 ynghame,1
423 769 568 808 contra
597 778 725 820 quem
755 764 870 806 Scoti
898 764 1062 807 viribus
1091 764 1291 814 collectis,
1321 764 1427 806 duce
1456 764 1657 819 praedicto

154 824 398 865 Alexandro
429 823 619 873 Stewart‚
648 821 690 863 a²
718 821 899 864 maliciis
930 835 1074 864 eorum
1104 822 1363 864 obviandum
1391 822 1504 865 bella
1537 836 1659 878 para-

153 882 268 924 bant.
328 881 500 923 Accidit
526 884 667 922 autem
688 879 834 921 eodem
863 883 1052 934 tempore
1072 880 1186 935 quod
1206 880 1347 922 visum
1367 883 1432 922 est
1451 881 1498 922 in
1517 894 1658 935 somp—

153 939 221 981 nis
251 939 419 981 cuidam
448 938 588 988 militi,
617 938 788 979 nomine
818 938 848 980 J
850 937 1025 979 ohanni³
1054 938 1106 980 de
1133 938 1307 989 Wemis‚
1337 938 1451 993 quod
1479 938 1582 993 ipse,
1611 938 1659 980 in

154 997 328 1039 ecclesia
365 997 499 1038 beatae
538 996 787 1050 Margaretae
825 995 981 1050 reginae
1021 995 1177 1037 Scociae
1217 995 1331 1050 apud
1369 996 1658 1051 Dunfermlyn

152 1055 359 1105 intrando,
398 1054 510 1095 vidit
543 1054 787 1096 venientem
821 1053 1037 1108 quandam
1076 1053 1263 1108 reginam
1303 1053 1350 1094 in
1393 1054 1658 1096 nobilissimo

152 1116 357 1167 apparatu
377 1112 531 1153 aureis⁴
550 1111 757 1161 indutam,
776 1111 823 1152 in
843 1111 981 1165 capite
1008 1124 1205 1152 coronam
1224 1114 1476 1166 portantem,
1496 1116 1540 1154 et
1559 1126 1658 1154 cum

152 1184 201 1212 ea
221 1169 566 1212 decentissimum
595 1182 747 1224 regem,
768 1169 967 1211 similiter
993 1169 1205 1224 regalibus
1234 1169 1497 1212 indumentis
1527 1170 1658 1225 insig—

151 1229 302 1278 nitum,
315 1227 668 1282 splendidissimis
685 1227 812 1269 armis
828 1226 1084 1277 decoratum,
1097 1240 1294 1269 coronam
1305 1227 1658 1282 preciosissimam

150 1286 197 1327 in
215 1286 334 1340 galea
355 1299 431 1327 sua
456 1289 707 1340 portantem,
729 1299 827 1327 cum
856 1285 951 1326 aliis
971 1285 1108 1327 tribus
1138 1285 1335 1327 similiter
1354 1285 1563 1341 regalibus
1592 1286 1658 1327 in-

150 1344 267 1385 dutis
302 1347 346 1385 et
378 1343 643 1385 nobilissime
677 1343 850 1385 armatis
884 1343 1052 1398 regibus
1083 1343 1437 1398 praecedentibus⁶
1468 1344 1658 1399 reginam

150 1406 194 1444 et
211 1415 352 1457 regem
382 1402 789 1453 concomitantibus;
817 1402 911 1456 ipsa
931 1415 1029 1443 vero
1050 1401 1222 1444 domina
1244 1415 1385 1457 regem
1404 1402 1591 1456 primum
1611 1402 1658 1443 in

149 1473 281 1501 manu
315 1459 488 1502 dextera
531 1460 712 1502 ducebat
744 1460 905 1515 passim
939 1459 1206 1501 uniformiter
1244 1473 1399 1510 secum,
1430 1460 1525 1502 aliis
1558 1473 1658 1502 vero

149 1518 411 1573 pedetentim
439 1532 514 1573 per
533 1518 723 1560 ordinem
753 1518 1038 1573 sequentibus.
1099 1518 1215 1568 Quos
1245 1532 1343 1560 cum
1364 1517 1503 1560 dictus
1533 1518 1657 1560 miles

151 1575 343 1617 mirando
372 1577 637 1631 respexisset,
669 1576 835 1618 decenti
866 1576 1023 1618 honore
1057 1576 1388 1631 genuflectendo,
1421 1576 1545 1628 dixit,
1581 1581 1603 1597 “
1620 1576 1657 1618 O

151 1634 323 1675 domina
351 1633 540 1688 gloriosa,
560 1634 728 1676 obsecro
748 1639 799 1676 ut
821 1634 953 1676 michi
973 1648 1068 1689 quae
1098 1634 1156 1676 sis
1185 1634 1370 1676 indicere
1400 1634 1595 1689 digneris,
1616 1638 1658 1676 et

151 1692 227 1746 qui
255 1695 298 1734 te
330 1691 712 1748 [con]comitantur,
733 1696 776 1734 et
807 1706 891 1747 quo
921 1692 1118 1733 itinerare
1147 1692 1369 1734 intendis.''
1430 1692 1512 1734 Cui
1530 1692 1657 1734 vultu

150 1750 276 1791 hilari
307 1750 394 1792 ait:
433 1751 590 1805 “Ego,''
619 1750 772 1805 inquit,
802 1755 933 1792 “sum
952 1750 1190 1805 Margareta
1209 1750 1353 1805 regina
1373 1750 1552 1801 Scociae;
1586 1750 1657 1791 hic

149 1821 249 1849 vero
279 1821 444 1850 mecum
475 1808 760 1850 manuductus
790 1822 909 1850 meus
940 1812 1004 1850 est
1033 1808 1209 1850 inclitus
1238 1808 1428 1858 maritus,
1448 1822 1524 1849 rex
1544 1808 1656 1849 Mal-

150 1866 336 1918 colmus;
364 1866 438 1907 alii
459 1870 601 1908 autem
622 1871 848 1921 sequentes
868 1866 953 1908 mei
974 1870 1075 1908 sunt
1094 1866 1183 1918 filii,
1205 1869 1248 1908 et
1268 1866 1371 1907 olim
1390 1866 1519 1920 hujus
1539 1879 1656 1921 reges

147 1925 277 1979 regni,
308 1938 406 1966 cum
435 1925 603 1990 quibus·
625 1924 739 1990 apud
769 1924 911 1966 locum
946 1924 998 1966 de
1032 1924 1187 1979 Largis,
1221 1925 1404 1990 patriam
1443 1924 1657 1965 defensuri

149 1986 296 2023 contra
333 1982 509 2024 insidias
533 1982 824 2066 6inimicorum,
859 1996 1155 2037 properamus;
1194 1982 1270 2037 qui
1304 1982 1538 2032 victoriam,
1572 1981 1657 2023 Dei

148 2039 353 2094 largiente
381 2040 550 2106 gracia,6
579 2041 743 2082 sumus⁷
773 2040 908 2082 acturi
938 2040 991 2082 de
1020 2040 1094 2082 illo
1128 2041 1296 2082 tiranno
1325 2054 1432 2095 rege,
1462 2040 1538 2094 qui
1566 2053 1657 2094 reg-

149 2111 254 2138 num
275 2102 466 2139 nostrum
495 2098 653 2153 injuste
682 2099 881 2140 invadere
902 2102 944 2140 et
963 2098 1046 2140 sibi
1076 2099 1299 2153 subjugare
1319 2102 1495 2140 conatur
1508 2113 1518 2150 ;
1556 2111 1656 2139 nam

149 2155 293 2206 michi,
313 2154 405 2209 qui⁸
425 2156 543 2205 scias,
563 2170 739 2210 regnum
770 2156 884 2212 [hoc]
910 2170 934 2198 a
954 2157 1046 2198 Deo
1077 2157 1224 2210 accepi
1240 2156 1591 2206 commendatum,
1614 2160 1658 2197 et

150 2213 376 2255 heredibus
395 2213 501 2255 meis
521 2213 868 2269 imperpetuum.”
929 2214 1011 2256 Cui
1031 2214 1091 2255 ait
1110 2214 1244 2264 miles,
1265 2218 1287 2235 “
1305 2214 1340 2255 O
1362 2214 1533 2255 domina
1562 2227 1658 2256 mea

149 2271 340 2325 gloriosa,
356 2271 469 2313 unde
489 2271 569 2313 hoc
589 2272 730 2322 sciam,
747 2276 789 2313 et
803 2275 853 2313 ut
868 2271 942 2313 alii
962 2272 1135 2314 credant
1152 2271 1333 2326 [michi],
1349 2271 1403 2313 da
1422 2271 1555 2313 michi
1574 2272 1657 2327 sig-

151 2329 291 2370 num.”
350 2333 372 2350 “
385 2329 538 2379 Vade,'’
560 2329 714 2384 inquit,
734 2334 756 2351 ‘⁴
772 2330 825 2371 ad
846 2330 1066 2371 ecclesiam
1087 2329 1315 2384 sepulturae
1334 2343 1452 2380 meae,
1471 2329 1539 2371 ut⁹
1559 2343 1658 2371 con-

151 2386 295 2428 festim
334 2387 594 2429 infirmitatis
634 2392 720 2429 tuae
760 2387 987 2429 sanitatem
1025 2388 1279 2442 recuperes.”
1359 2387 1444 2438 Qui
1483 2387 1657 2442 quidem

150 2444 285 2495 miles,
315 2445 390 2500 qui
419 2445 544 2500 longa
572 2445 819 2487 infirmitate
848 2445 970 2500 quasi
999 2445 1210 2487 febrarum
1239 2445 1465 2487 incurabili
1494 2446 1658 2488 detine-

150 2502 276 2544 batur
295 2506 622 2558 praeoccupatus,
638 2503 684 2544 in
705 2502 983 2545 continente10
1002 2503 1054 2545 de
1075 2517 1251 2558 sompno
1272 2504 1494 2554 excitatus,
1514 2517 1657 2545 neces-

152 2560 272 2602 sariis
303 2561 558 2615 praeparatis,
581 2561 695 2615 apud
715 2561 1002 2616 Dunfermlyn
1020 2561 1183 2617 perigre
1212 2562 1406 2616 pedester
1424 2560 1656 2616 perficere¹¹

151 2631 238 2659 non
271 2619 426 2670 omisit,
455 2619 531 2674 qui
562 2619 695 2661 eciam
728 2619 796 2661 die
830 2619 1093 2674 praecedente
1121 2620 1195 2661 vix
1231 2620 1278 2661 in
1307 2620 1417 2662 lecto
1449 2633 1493 2662 se
1522 2633 1658 2662 remo-

214 2742 227 2763 ¹
244 2743 282 2776 B.
300 2744 341 2778 D.
361 2744 628 2788 Cunnyngham.
772 2743 786 2765 ²
802 2745 847 2778 ad
863 2746 942 2778 with
959 2746 982 2778 d
999 2745 1125 2780 erased.
1175 2745 1210 2779 C.
1230 2745 1274 2778 D.
1291 2745 1330 2777 E.
1350 2745 1404 2778 ad.

214 2789 228 2811 3
242 2790 280 2823 Β.
300 2791 336 2824 O.
356 2792 398 2824 D.
419 2792 456 2825 E.
475 2793 661 2825 Johannes.
770 2791 784 2813 ⁴¹
802 2793 839 2825 C.
858 2793 896 2826 E.
918 2792 1031 2826 auriis.
1186 2791 1200 2813 ⁵
1217 2793 1254 2825 B.
1275 2792 1311 2825 O.
1331 2792 1370 2826 E.
1388 2792 1630 2835 praecedentes.

215 2835 229 2857 θ
246 2837 311 2869 Dei
338 2839 466 2872 altered
485 2840 589 2881 from
617 2840 700 2873 Deo.
753 2840 788 2873 O.
815 2840 855 2873 E.
886 2840 960 2873 Deo
988 2839 1160 2883 largiente
1188 2839 1351 2883 graciam.
1401 2839 1443 2872 D.
1474 2839 1549 2871 Deo
1577 2839 1656 2871 with

154 2884 266 2926 gracia
274 2885 435 2926 followed
451 2887 491 2928 by
508 2898 642 2920 erasure
657 2887 699 2930 of
708 2898 752 2920 m.
1188 2885 1202 2908 ⁷
1220 2886 1257 2919 O.
1277 2886 1315 2919 E.
1331 2897 1425 2919 suus.

216 2929 229 2951 ⁸
246 2931 283 2964 B.
303 2931 338 2964 C.
358 2932 399 2965 D.
419 2933 457 2966 E.
477 2934 581 2976 quod.
771 2932 786 2954 ⁹
802 2934 840 2967 B.
862 2936 907 2968 et.
957 2934 1000 2967 D.
1018 2936 1059 2967 ut
1075 2934 1188 2967 scored
1204 2938 1261 2966 out
1277 2934 1347 2967 and
1364 2936 1400 2966 ot
1417 2932 1603 2966 interlined.

202 2976 229 2998 ¹⁰
247 2978 283 3012 B.
303 2978 343 3013 D.
362 2979 610 3017 incontinente.
756 2980 783 3002 ¹¹
800 2981 838 3014 B.
857 2980 1031 3024 proficere.

887 3038 916 3069 G
