2014 3354
366 304 417 341 14
858 310 985 341 LIBER
1004 307 1360 341 PLUSGARDENSIS.

361 414 632 462 matrimonio
648 414 888 470 copulatam
902 413 1116 466 tradidit3¹
1147 426 1201 455 ex
1215 425 1300 467 quo
1314 411 1588 457 matrimonio
1595 411 1728 454 oritur
1740 423 1849 454 nova

361 472 681 521 reminiscencia
700 473 921 528 cujusdam
940 470 1190 526 propheciae,
1208 474 1258 512 ut
1276 482 1352 524 per
1369 472 1504 514 metra
1521 469 1723 525 sequitur,

648 546 771 588 Bruti
789 545 1014 601 posteritas
1033 543 1214 586 Albanis
1234 542 1439 585 associata

646 604 829 660 Anglica
847 616 976 658 regna
994 601 1173 658 premetss
1191 614 1304 652 nece,
1323 600 1473 651 furore,
1493 599 1614 643 fumea

410 679 516 721 Haec
531 678 646 721 enim
660 676 983 732 extravagancia
996 676 1044 718 in
1057 675 1222 731 magnis
1238 674 1428 718 Cronicis
1444 673 1620 731 repperi,
1633 676 1852 733 propterea

362 735 692 779 incidentaliter³
710 735 782 777 hic
801 735 984 778 inserere
1002 734 1109 777 utile
1122 733 1323 791 judicavi.

494 889 710 945 §equitur
730 889 778 934 ht
797 890 928 934 moriz
945 888 1181 944 &aleelmi
1199 888 1314 945 regis
1333 887 1616 942 §cutim—(E.
1637 887 1720 932 xxi.

365 965 559 1032 ΕΗΒ
579 985 722 1025 autem
740 982 1017 1038 temporibus*
1031 996 1106 1025 rex
1125 981 1379 1024 Malcolmus
1399 995 1424 1024 a
1442 981 1535 1024 Deo
1553 983 1793 1037 praeventus
1811 979 1859 1022 in

364 1040 735 1083 benediccionibus
755 1040 1003 1091 dulcedinis,
1021 1042 1148 1095 prout
1177 1053 1203 1081 a
1230 1043 1374 1082 tenore
1398 1039 1571 1094 superni
1598 1039 1751 1082 amoris
1778 1038 1859 1080 fer-

364 1111 464 1140 vore
479 1102 736 1153 conceperat,
751 1098 799 1139 in
812 1101 903 1140 tota
915 1098 1006 1140 vita
1020 1110 1097 1139 sua
1110 1097 1290 1140 candore
1301 1096 1533 1151 pudiciciae,
1549 1100 1592 1139 et·
1602 1095 1859 1139 humilitatis

364 1155 493 1197 titulo
513 1159 557 1198 et
584 1155 852 1207 innocenciae,
870 1155 1138 1211 puritateque
1163 1155 1446 1205 conscienciae,
1464 1168 1629 1196 morum
1653 1154 1860 1209 gravitate

366 1212 497 1256 simul
515 1218 559 1256 et
577 1213 802 1256 sanctitate
816 1213 878 1256 ita
891 1212 1168 1268 praecellebat,
1182 1216 1233 1254 ut
1246 1212 1358 1254 inter
1368 1212 1584 1263 seculares,
1597 1212 1751 1267 quibus
1770 1210 1860 1254 solo

365 1270 517 1313 habitu
545 1271 832 1322 conveniebat,
851 1270 1092 1320 monachus,
1112 1273 1155 1313 et
1182 1270 1294 1312 inter
1311 1269 1514 1321 homines,
1533 1270 1687 1325 quibus
1706 1269 1861 1324 imper-

366 1328 477 1379 abat,
505 1331 710 1383 tanquam
741 1332 950 1371 terrenus·
969 1327 1143 1383 angelus
1181 1327 1412 1370 videbatur.
1491 1327 1601 1370 Cum
1633 1330 1777 1370 autem
1814 1325 1863 1368 in

368 1399 497 1441 regno
515 1399 591 1442 per
608 1386 673 1428 xii
692 1385 842 1428 annos⁵
861 1389 1024 1441 septem
1042 1398 1207 1428 menses
1227 1388 1271 1427 et
1289 1388 1375 1427 tres
1395 1384 1483 1427 dies
1502 1384 1693 1436 vixisset,
1710 1383 1862 1439 quinto

367 1443 479 1499 ydus
507 1443 765 1494 Decembris,
794 1443 899 1486 feria
926 1443 1088 1499 quinta,
1115 1445 1290 1485 vocatus
1309 1456 1334 1485 a
1354 1442 1533 1493 Christo,
1552 1442 1859 1484 humanitatem

368 1514 529 1601 3¹²5&
549 1514 722 1601 {1¹33ss
721 1500 1699 1613 {iffafflsszssfflffizffloessffi
1699 1498 1863 1612 {sstffs‘

370 1629 549 1672 regnum
577 1630 663 1658 non
691 1616 904 1671 perdendo
942 1616 1018 1659 sed
1054 1615 1270 1668 mutando,
1303 1615 1359 1657 ad
1386 1615 1621 1658 Dominum
1653 1614 1863 1670 migravit.

371 1674 475 1716 Post
506 1674 628 1728 cujus
659 1673 841 1716 obitum⁶
871 1673 1023 1716 devoto
1054 1672 1218 1724 clerico,
1250 1672 1443 1728 praedicti
1472 1672 1583 1728 regis
1617 1672 1720 1714 dum
1752 1672 1866 1715 vixit

369 1731 709 1782 familiarissimo,
729 1731 784 1774 ad
803 1731 893 1787 ejus
913 1730 1164 1787 sepulcrum,
1192 1731 1246 1774 ob
1275 1744 1458 1773 amorem
1486 1736 1614 1786 quem
1642 1743 1739 1785 erga
1767 1743 1866 1772 eum

370 1788 533 1840 habuit,
553 1788 782 1832 excubanti
810 1792 854 1832 et
881 1789 929 1832 in
957 1788 1221 1831 oracionibus
1240 1788 1421 1839 vacanti,
1451 1787 1555 1831 dum
1581 1787 1628 1830 in
1646 1787 1866 1843 psallendo

371 1846 557 1901 psalmos
587 1860 788 1902 sompnus
822 1846 1032 1901 obriperet
1060 1846 1144 1889 sibi
1171 1845 1343 1896 suavis,⁷
1370 1845 1484 1889 idem
1514 1845 1618 1889 deus
1647 1843 1867 1888 dominus⁸

373 1917 460 1955 rex,
479 1907 530 1946 ut
558 1904 642 1946 sibi
660 1903 893 1955 videbatur,
911 1905 959 1946 in
977 1908 1096 1947 veste
1125 1902 1326 1946 candida⁹
1343 1902 1538 1958 insigniis
1565 1902 1787 1958 regalibus,
1815 1905 1867 1944 ut

375 1962 530 2013 decuit,
549 1961 842 2004 decentissime
865 1964 1049 2012 ornatus,
1064 1961 1274 2017 jocundus
1303 1963 1347 2003 et
1374 1960 1520 2003 hilaris
1549 1960 1632 2003 sibi
1660 1960 1866 2015 apparuit,

375 2023 420 2062 et
453 2019 494 2062 ei
533 2019 736 2076 dialogice
773 2019 829 2062 ad
867 2033 918 2062 ea
955 2033 1039 2074 que
1076 2017 1371 2074 interrogando
1406 2018 1603 2074 quaesivit
1639 2016 1868 2073 respondit.

378 2077 623 2132 Sequuntur
655 2076 1007 2132 interrogaciones
1045 2090 1121 2132 per
1148 2076 1400 2131 praedictum
1432 2075 1631 2120 clericum
1669 2075 1725 2119 ad
1762 2088 1867 2132 prae-

376 2133 574 2178 dictum¹⁰
591 2148 732 2191 regem
750 2134 923 2179 metrice
942 2133 1178 2190 compilatae
1190 2150 1199 2178 z
1212 2133 1245 2160 ²¹

1357 2219 1539 2263 Respondit
1554 2217 1666 2253 Reoe.¹2

517 2283 594 2316 Rex
610 2283 705 2324 olim,
723 2283 809 2328 quid
824 2283 922 2328 agis?
1221 2283 1348 2317 Servus
1364 2283 1618 2327 quodammodo
1633 2294 1754 2328 regno.

517 2330 589 2364 Cur
604 2331 667 2370 sic,
684 2342 771 2373 care,
787 2334 907 2365 taces?
1218 2331 1285 2363 Pro
1301 2342 1357 2364 me
1372 2331 1529 2374 loquitur
1542 2341 1620 2364 mea
1634 2331 1718 2365 vita.

518 2377 590 2410 Gur
604 2380 703 2411 tenet
718 2389 800 2422 yma
815 2381 919 2412 caro!
1222 2377 1372 2420 Spiritus
1388 2378 1460 2411 alta
1475 2377 1573 2421 petit.

517 2423 713 2467 Tor-queris,
730 2427 861 2459 necve?
1221 2424 1303 2458 Non
1318 2427 1490 2468 torqueor.
1507 2434 1623 2467 ymmo
1638 2424 1787 2468 quiesco·

518 2470 602 2510 Quae
618 2471 685 2504 tibi
700 2482 800 2514 poena
814 2471 908 2506 fuit!
1222 2471 1304 2505 Sors
1318 2471 1433 2514 gravis
1448 2473 1530 2504 ante
1546 2481 1674 2504 necem.

518 2517 604 2558 Quis
619 2517 696 2558 tibi,
713 2529 799 2558 care,
816 2518 938 2552 locus?
1214 2518 1400 2551 Paradisus
1415 2515 1558 2551 nescio¹³
1572 2528 1690 2561 poenae.

521 2563 591 2597 Cur
607 2564 733 2598 candet
747 2565 855 2598 vestis
865 2567 880 2598 ἲ
1219 2564 1327 2608 Virgo
1343 2575 1461 2598 necem
1476 2563 1576 2598 subii.

520 2610 627 2654 AEger
641 2622 716 2644 eras
731 2611 929 2655 quondam!
1217 2611 1242 2645 J
1244 2622 1300 2644 am
1315 2611 1402 2644 bene
1418 2608 1622 2645 convaleo.¹4

446 2714 457 2736 ¹
474 2714 511 2749 C.
529 2715 569 2749 E.
587 2718 668 2748 omit
681 2715 839 2749 tradidit.
981 2713 997 2736 ²
1011 2715 1048 2749 O.
1067 2715 1106 2749 E.
1125 2718 1293 2758 prement.
1362 2714 1377 2738 ³
1393 2715 1430 2749 O.
1448 2716 1487 2750 Ε.
1505 2717 1583 2749 omit
1594 2715 1859 2750 incidentaliter.

445 2760 460 2783 4
475 2762 515 2796 E.
533 2764 630 2796 omits
644 2762 870 2806 temporibus.
981 2760 995 2783 ⁵
1011 2762 1047 2795 O.
1066 2762 1106 2795 Ε.
1124 2762 1197 2795 add
1211 2764 1257 2796 et.
1445 2760 1461 2784 ⁰
1476 2763 1513 2797 O.
1531 2763 1571 2796 E.
1589 2763 1661 2795 add
1676 2763 1822 2797 cuidam.

448 2807 462 2831 7
478 2809 515 2842 C.
533 2809 573 2843 E.
591 2809 664 2842 add
678 2809 761 2852 ipse.
984 2806 998 2828 ⁸
1014 2808 1051 2841 O.
1069 2808 1109 2842 E.
1127 2810 1208 2842 omit
1223 2809 1308 2842 deus
1324 2808 1493 2843 dominus.
1541 2809 1585 2844 D.
1602 2811 1697 2843 mnits
1712 2809 1805 2845 deus.

445 2854 461 2876 9
475 2855 514 2889 O.
531 2856 571 2889 E.
585 2855 717 2889 vestitu
732 2855 888 2891 candido.
970 2853 999 2876 ¹⁰
1014 2855 1054 2889 B.
1074 2854 1218 2888 dictum.
1267 2855 1303 2889 O.
1318 2855 1358 2889 E.
1372 2857 1451 2889 omit
1462 2856 1674 2900 praedictum.

432 2901 461 2923 ²²
478 2902 514 2937 C.
533 2903 573 2936 E.
591 2903 663 2936 add
678 2903 822 2937 Versus.
970 2899 999 2922 ¹²
1015 2902 1050 2935 O.
1069 2902 1108 2935 E.
1127 2901 1318 2946 Responsio
1333 2902 1432 2946 regis.

432 2948 460 2971 ¹3
478 2949 515 2985 B.
534 2949 570 2983 Ο.
590 2950 632 2983 D.
651 2950 690 2984 E.
708 2949 832 2984 nescia.
968 2947 997 2969 ²⁴
1013 2948 1050 2983 O.
1069 2948 1110 2981 D.
1129 2949 1168 2982 E.
1187 2948 1359 2984 convalui..
