2008 3360
398 336 479 374 182
903 347 1028 377 mmm
1047 346 1401 378 PLUSCARDENSIS.

391 448 575 492 maxime
605 453 750 492 tamen
766 450 966 492 ‘ecclesiis
994 464 1047 492 ve
1076 449 1388 492 ecclesiasticis¹
1416 450 1614 505 personis,
1642 464 1718 506 per
1745 451 1887 506 ipsum

389 520 530 562 regem
549 510 592 549 et
612 521 708 549 suos
728 507 806 549 sic2
819 507 987 549 afflictis
1007 512 1050 550 et
1069 508 1290 563 oppressis,
1304 508 1489 562 justiciae
1509 507 1886 563 complementum:

390 567 434 606 et
460 564 678 619 potissime
711 568 761 606 ut
794 565 1008 607 revocacio
1039 566 1228 620 ejusdem
1256 565 1419 620 negocii
1445 565 1606 607 dudum
1640 565 1694 607 ad
1727 567 1887 608 curiam

389 622 502 663 facta
530 626 619 663 tam
654 622 706 664 de
739 622 953 665 libertate3
982 636 1058 678 per
1089 623 1232 665 sedem
1260 623 1408 678 ipsam,
1436 623 1530 665 loco
1562 622 1754 665 beneficii
1784 624 1886 665 satis

389 679 508 733 grati,
528 692 604 733 per
622 679 813 734 ejusdem
841 680 949 736 regis
970 681 1195 736 obrogatae⁴
1213 681 1439 723 vetustatis
1468 680 1669 736 figmenta
1688 694 1774 722 non
1792 695 1885 735 pro-

388 737 499 786 bata,
514 736 838 793 invasionesque
857 738 976 794 regni
995 738 1184 793 ejusdem
1206 738 1361 781 Scociae
1381 738 1627 780 subsecutas
1645 751 1720 792 per
1734 738 1886 792 ipsum,

387 794 550 836 notorie
579 797 670 836 tam
688 795 898 850 (injustas,
926 810 1014 838 non
1033 796 1111 839 sic⁶
1131 797 1206 838 fiat
1237 796 1446 846 derisoria,
1480 795 1654 846 lubrica,
1685 795 1815 846 irrita,
1845 799 1887 838 et

387 851 565 902 infirma,
585 852 677 895 sine
707 866 834 895 causa
863 854 1031 909 cognita
1049 854 1096 896 in
1115 854 1342 909 praesencia
1361 854 1576 908 parcium3
1606 852 1713 908 quin
1740 852 1886 907 pocius

387 908 548 960 efficax,
582 910 764 953 stabilis⁶
794 915 837 953 et
869 910 1083 954 mensura⁷
1115 915 1370 967 permaneat,
1399 915 1603 966 tanquam
1636 910 1887 952 beneficium

385 966 578 1009 validum
603 968 832 1023 cujuslibet
859 969 1063 1025 principis
1093 974 1137 1011 et
1160 970 1283 1012 dictae
1313 970 1424 1012 sedis
1454 969 1726 1011 duraturum:
1767 968 1887 1022 cujus

385 1024 496 1067 sedis
530 1026 764 1076 vetustati?
781 1026 931 1069 honori
955 1031 998 1069 et
1022 1027 1314 1081 jurisdicoioni
1342 1025 1632 1069 detrahentur⁹
1650 1026 1887 1077 manifeste,

387 1082 425 1124 si
436 1082 627 1125 indebita
646 1087 690 1126 et
703 1084 946 1127 violencia1⁰
964 1098 1187 1140 regnorum
1206 1085 1307 1126 unio
1327 1084 1416 1127 sit¹¹
1435 1084 1604 1139 incepta
1633 1083 1887 1139 subrepticie

384 1140 638 1194 procederet,
668 1141 760 1184 sine
793 1142 928 1197 ipsius
961 1143 1072 1185 sedis
1107 1143 1343 1193 autoritate,
1376 1156 1451 1197 per
1479 1142 1612 1184 solam
1646 1141 1887 1196 potenciam

385 1197 494 1253 regis
523 1200 770 1252 memorati3
799 1214 894 1254 quae
913 1213 1136 1256 regnorum
1156 1201 1258 1242 unio
1282 1214 1369 1242 non
1387 1199 1472 1242 nisi
1491 1213 1567 1254 per
1587 1199 1729 1241 sedem
1748 1199 1887 1253 ipsam

384 1255 475 1297 fieri
495 1255 666 1299 deberet
685 1257 910 1300 ullomodo.
970 1258 1114 1313 Ipsius
1145 1258 1277 1300 eciam
1296 1258 1405 1313 regis
1426 1256 1605 1312 epistola
1634 1256 1885 1311 supradicta,

384 1326 480 1368 quae
509 1327 721 1356 annexam
749 1315 878 1357 habet
897 1319 941 1357 et
959 1316 1150 1357 continet
1179 1316 1312 1357 eciam
1331 1315 1378 1356 in
1398 1329 1475 1357 sua
1503 1314 1746 1356 narracione
1765 1317 1887 1355 noto—

383 1371 492 1412 riam
520 1371 763 1423 falsitatem‚
795 1373 1076 1415 assercionis¹2
1105 1374 1196 1428 ejus
1227 1377 1270 1415 et
1304 1373 1445 1414 omnia
1479 1376 1677 1414 contenta
1706 1372 1753 1412 in
1781 1371 1887 1426 ipsa,

382 1433 553 1484 propter
600 1429 801 1472 falsitatis
855 1431 1176 1473 ammixtionem
1229 1430 1429 1485 ejusdem,
1479 1429 1641 1471 notorie
1690 1433 1886 1483 suspecta

382 1486 547 1528 faciunt
576 1490 620 1528 et
649 1488 830 1530 suadent
858 1488 1008 1530 merito
1032 1488 1284 1543 repellenda,
1304 1486 1660 1543 quemadmodum
1678 1486 1885 1529 fermento

384 1544 600 1587 modicio¹⁸
619 1549 710 1587 tota
728 1559 868 1588 massa
888 1546 1179 1602 corrumpitur.

695 1726 908 1782 §nquitnr
927 1727 978 1771 ab
1001 1727 1079 1772 hnt
1096 1727 1144 1772 he
1163 1726 1423 1772 cohme-⁴213.
1446 1726 1575 1771 xliiii.

381 1816 705 1878 SCRIPSIT
734 1834 883 1878 enimu
902 1835 1036 1878 eciam
1055 1836 1102 1878 in
1121 1849 1198 1878 sua
1218 1835 1332 1878 dicta
1352 1834 1541 1890 epistola,
1561 1847 1726 1876 summo
1745 1833 1886 1888 ponti-

383 1893 454 1935 fici
492 1893 715 1943 destinata,
754 1893 807 1935 ad
846 1894 1047 1948 majorem
1077 1894 1185 1948 juris
1225 1894 1293 1935 sui
1327 1892 1639 1948 expressionem
1677 1891 1724 1932 in
1756 1905 1885 1946 regno

384 1951 540 1993 Scociae
569 1950 821 2006 supradicto,
840 1950 949 1992 illud
979 1952 1193 1993 notorium
1221 1950 1302 1992 toti
1331 1950 1489 1991 mundo
1513 1949 1678 1998 falsum,
1698 1948 1886 2003 seipsum

352 2063 354 2065 Ι
384 2022 487 2059 esse,
502 2007 623 2063 juri¹⁵
642 2008 760 2063 pleni
780 2008 970 2059 dominii,
989 2008 1036 2049 in
1059 2008 1321 2063 possessione
1350 2007 1540 2062 ejusdem
1568 2006 1688 2061 regni
1718 2006 1885 2057 Scociae‚

383 2080 556 2108 suarum
585 2065 728 2108 datae¹⁶
746 2070 933 2121 tempore
961 2065 1208 2118 literarum;
1237 2080 1334 2108 cum
1368 2070 1512 2107 tamen
1541 2064 1702 2106 notorie
1722 2063 1768 2105 in
1791 2064 1884 2119 ipso

382 2138 510 2180 regno
540 2123 758 2166 civitatem
781 2124 851 2166 vel
880 2123 1023 2166 sedem
1052 2123 1342 2179 episcopalem,
1373 2127 1449 2164 aut
1476 2121 1658 2164 villam¹⁷
1684 2121 1882 2164 diocesim

382 2182 590 2237 integram
620 2181 706 2223 de¹⁸
731 2181 954 2224 duodecim
989 2181 1300 2236 episcopatibus
1330 2181 1405 2235 qui
1438 2180 1598 2222 ibidem
1629 2183 1757 2221 sunt:
1790 2179 1883 2234 ipso

382 2253 510 2295 regno
534 2243 578 2281 et
606 2239 764 2294 populo
794 2239 1076 2294 gaudentibus
1105 2239 1228 2294 quasi
1255 2238 1444 2280 totaliter
1473 2238 1658 2292 prestina
1677 2237 1882 2278 libertate.

383 2297 559 2352 Propter
578 2297 692 2352 quod
710 2297 872 2339 vicium
899 2301 989 2338 tam
1017 2297 1191 2339 notoriae
1220 2296 1418 2339 falsitatis
1448 2309 1634 2345 annexae,
1654 2294 1707 2336 ad
1721 2294 1883 2347 reliqua

383 2355 665 2396 examinanda
689 2355 760 2397 vel
788 2355 1015 2410 probanda,
1036 2368 1131 2410 quae
1160 2355 1251 2410 ipse
1281 2368 1356 2396 rex
1385 2354 1545 2403 asserit,
1574 2352 1655 2394 sibi
1683 2351 1883 2393 deberent

385 2411 526 2454 aditus
546 2412 742 2454 interdici
758 2428 768 2465 ;
797 2412 872 2455 sed
890 2412 1108 2468 potissime
1129 2426 1182 2454 ex
1198 2412 1277 2454 hoc
1292 2411 1405 2466 quod
1416 2412 1463 2452 in
1481 2409 1661 2452 termino
1682 2408 1763 2450 sibi
1776 2422 1881 2462 prae-

382 2469 468 2510 fixo
503 2483 739 2524 comparere
769 2484 855 2512 non
885 2470 1049 2512 curavit
1077 2471 1124 2512 in
1151 2469 1267 2511 curia
1296 2470 1496 2518 Romana,
1525 2471 1599 2509 aut
1628 2465 1883 2508 sufficienter

382 2526 547 2580 aliquid
576 2527 628 2568 de
653 2528 748 2581 jure
779 2541 855 2569 suo
888 2527 1107 2570 ostendere
1137 2527 1251 2582 quod
1279 2527 1326 2568 in
1355 2526 1448 2581 ipso
1482 2538 1619 2579 regno,
1649 2536 1776 2577 super
1804 2537 1881 2564 sua

382 2583 577 2626 libertate
599 2584 746 2625 habita
773 2586 1032 2635 inconcusse,
1051 2588 1093 2626 et
1123 2585 1184 2626 sic
1212 2588 1358 2639 postea
1388 2583 1596 2624 defamato
1615 2594 1691 2635 per
1710 2594 1807 2621 eum
1838 2585 1881 2622 et

444 2706 468 2739 1.
476 2708 513 2741 Ο.
532 2708 570 2741 Ε.
590 2707 742 2740 ecclesiis
758 2707 999 2741 ecclesiasticis
1015 2719 1069 2741 ve.
1460 2704 1474 2726 ²
1490 2706 1527 2739 C.
1547 2708 1608 2738 set.

443 2753 459 2776 ³
476 2755 512 2789 C.
530 2754 573 2787 D.
592 2754 808 2787 delibertate.
997 2753 1012 2775 4
1029 2755 1067 2787 B.
1086 2755 1122 2788 C.
1141 2754 1180 2787 Ε.
1199 2754 1384 2798 abrogatae.

444 2800 459 2823 ⁶
475 2802 512 2836 Ο.
532 2802 587 2835 sit.
636 2801 676 2834 E.
695 2801 742 2834 sit
757 2801 885 2834 altered
900 2805 932 2834 to
948 2800 1007 2834 sic.
1457 2797 1472 2820 ⁶
1488 2800 1525 2832 O.
1543 2798 1696 2832 stabiles.

443 2847 458 2871 ⁷
476 2849 514 2882 C.
535 2849 575 2882 E.
593 2859 766 2881 mansura.
992 2846 1006 2868 ⁸
1022 2848 1060 2880 B.
1080 2847 1116 2880 C.
1131 2847 1170 2880 E.
1189 2846 1377 2880 venustati.
1461 2843 1475 2866 9
1490 2846 1530 2879 Ε.
1548 2845 1801 2879 detraheretur.

426 2894 455 2917 1⁰
470 2896 509 2928 B.
527 2895 563 2929 O.
582 2895 622 2928 Ε.
640 2895 802 2928 violenta.
979 2892 1008 2915 11
1025 2894 1061 2927 Β.
1080 2894 1122 2926 D.
1141 2894 1198 2927 sic.
1445 2891 1473 2913 ¹2
1489 2893 1527 2926 B.
1546 2892 1582 2925 O.
1601 2892 1639 2925 Ε.
1655 2893 1873 2925 asserciones.

425 2941 454 2964 13
470 2943 509 2976 Β.
528 2943 565 2976 G.
584 2942 625 2976 D.
645 2942 684 2976 E.
705 2942 849 2976 modico.
977 2939 1005 2962 ¹⁴¹
1022 2941 1061 2973 B.
1081 2940 1117 2974 O.
1136 2941 1177 2974 D.
1200 2941 1237 2973 Ε.
1258 2942 1336 2973 omit
1352 2940 1453 2974 enim.
1549 2937 1578 2960 ¹⁵
1595 2939 1630 2972 O.
1650 2940 1688 2972 E.
1707 2940 1794 2981 jure.

393 2978 396 2981 Δ
423 2988 453 3011 ¹⁶
468 2990 507 3023 B.
524 2989 616 3023 dato.
976 2986 1004 3010 ¹⁷
1021 2988 1058 3021 C.
1078 2987 1119 3020 D.
1139 2988 1176 3021 E.
1196 2987 1311 3021 ullam.
1551 2984 1579 3007 ¹⁸
1596 2986 1632 3020 O.
1651 2987 1690 3019 E.
1709 2990 1754 3019 et.
