1982 3360
715 305 842 337 1113111
862 305 1084 337 SEPTIMUS.
1604 297 1626 335 9
1636 298 1655 336 l

150 414 215 454 est
235 411 434 467 excepcio
454 410 758 468 personarum.1
806 411 906 453 Alia
925 410 1118 454 condicio
1132 410 1245 453 bona
1259 410 1386 466 quod,
1407 410 1445 452 si
1460 410 1665 452 erraverit

148 483 235 521 rex,
264 470 435 526 cognito
470 484 618 521 errore,
647 483 735 512 non
765 470 924 525 pudeat
956 483 1053 512 eum
1074 482 1255 512 errorem
1284 482 1413 511 suum
1440 482 1665 521 revocare3

147 542 249 570 nam
277 542 388 584 papa
417 528 670 571 universalis
701 528 956 570 multociens
986 531 1108 578 errat,
1127 531 1273 569 tamen
1303 527 1408 569 dicit
1429 527 1544 582 quod
1573 540 1662 569 non

147 586 282 641 pudet
303 601 402 629 eum
422 601 603 629 errorem
631 600 759 629 suum
787 600 991 628 revocare.
1050 586 1152 628 Alia
1180 585 1372 628 condicio
1392 585 1508 641 quod
1527 584 1665 627 nichil

147 649 307 687 temere
327 645 455 687 faciat
484 645 689 701 sanguine
709 644 857 695 calido,
878 644 953 686 sed
972 644 1210 686 vindictam
1229 643 1389 686 deferat
1414 643 1547 686 donec
1566 657 1663 698 per-

147 706 337 745 transeat
352 703 415 745 ira
421 719 430 755 ;
451 717 551 745 nam
570 704 633 745 ira
653 702 833 757 impedit
855 702 1059 753 animum,
1071 717 1125 745 ne
1140 701 1300 757 posset²
1316 715 1483 744 cernere
1498 715 1664 752 verum,

147 775 226 803 nec
245 761 308 803 ira
327 761 408 803 viri
423 761 645 816 justiciam
665 761 751 802 Dei
771 764 978 815 operatur.
1035 761 1137 802 Alia
1156 759 1366 803 condicio³
1386 763 1452 802 est
1472 759 1588 815 quod
1607 759 1663 802 de

147 819 236 861 levi
254 834 342 861 non
362 820 505 862 credat
523 819 765 869 relaciones,
793 818 1097 870 blandimenta,
1117 819 1187 861 vel
1211 818 1493 868 adulaciones,
1514 821 1664 860 contra

148 877 372 919 consilium
403 891 542 929 suum,
572 877 705 919 donec
735 876 883 918 audiat
918 876 1095 919 alteram
1125 880 1303 932 partem,
1333 880 1377 919 et
1406 875 1541 932 quod4
1561 890 1662 919 con-

147 936 306 978 sideret
336 949 509 978 causam
536 935 759 977 relacionis
790 938 832 976 et
860 948 1062 989 personas
1083 938 1127 977 et
1146 935 1508 985 circumstancias‚
1529 934 1664 977 donec

146 993 361 1049 intelligat
380 994 708 1036 fundamentum
728 996 771 1035 et
789 993 978 1035 radicem
997 993 1112 1035 unde
1131 992 1385 1047 perveniat.⁵
1442 993 1542 1034 Alia
1563 1006 1664 1035 con-

147 1051 258 1094 dicio
288 1052 450 1107 optima
470 1051 585 1107 quod
603 1065 680 1094 rex
708 1054 934 1106 cognoscat
964 1051 1072 1093 bene
1101 1051 1260 1093 amicos
1291 1065 1389 1093 suos
1410 1054 1454 1093 et
1473 1051 1664 1102 aemulos,

146 1113 190 1151 et
229 1113 377 1152 caveat
408 1110 516 1152 bene
551 1110 638 1151 cui⁶
670 1109 832 1152 revelat
866 1108 1050 1151 archana
1081 1108 1219 1151 cordis
1260 1109 1353 1160 sui;
1393 1109 1496 1164 quia
1530 1109 1661 1151 multi

146 1167 405 1210 dissimilant
434 1168 683 1218 amiciciam,
712 1168 790 1223 qui
817 1167 978 1209 habent
992 1181 1209 1209 venenum
1237 1166 1436 1222 aspidum
1466 1167 1546 1209 sub
1576 1167 1662 1209 lin-

144 1239 228 1281 gua
257 1240 414 1278 eorum,
435 1230 479 1269 et
497 1227 545 1268 in
564 1226 774 1282 principio
805 1226 970 1267 intrant
998 1225 1168 1277 blande,
1189 1228 1232 1267 et
1261 1225 1309 1266 in
1332 1225 1417 1267 fine
1446 1224 1659 1267 mordent⁷

144 1288 195 1326 ut
224 1284 422 1337 coluber3
457 1288 500 1327 et
530 1284 783 1340 specialiter,
809 1284 1047 1326 secundum
1076 1283 1358 1334 Salomonem,
1378 1283 1449 1325 Ab
1480 1282 1546 1325 ea⁸
1566 1297 1662 1338 quae

145 1342 302 1384 dormit
321 1343 368 1384 in
389 1342 487 1385 sinu
513 1357 590 1386 suo
610 1343 823 1385 custodiat
851 1342 1086 1384 claustrum
1106 1342 1191 1384 oris
1211 1342 1290 1384 sui.
1349 1341 1452 1383 Alia
1467 1341 1660 1384 condicio

144 1400 260 1455 quod
279 1415 355 1443 rex
378 1415 465 1443 non
485 1402 612 1444 debet
631 1415 723 1444 esse
752 1401 860 1443 levis
880 1401 927 1442 in
955 1404 1090 1456 gestu,
1110 1414 1188 1443 nec
1218 1413 1428 1456 arrogans,
1457 1413 1536 1442 nec
1566 1413 1661 1442 ver-

143 1458 272 1502 bosus
301 1460 496 1511 nimium,
525 1460 611 1502 nisi
639 1460 686 1501 in
715 1463 905 1515 tempore
935 1459 1091 1509 debito,
1115 1458 1317 1510 modeste,
1338 1458 1586 1513 eloquenter
1615 1463 1660 1500 et

144 1517 393 1571 prudentem
413 1521 456 1560 et
476 1518 563 1560 sint
578 1519 706 1560 verba
726 1518 818 1573 ejus
834 1517 1048 1573 sapienter
1063 1517 1233 1568 situata,
1248 1530 1360 1565 nam,
1376 1515 1661 1571 cumfprolata

146 1575 316 1626 fuerint,
336 1590 422 1618 non
450 1576 607 1631 poterit
627 1590 677 1618 ea
695 1580 807 1618 retro
835 1576 1013 1618 trahere.
1072 1575 1175 1617 Alia
1204 1575 1397 1617 condicio
1428 1575 1543 1630 quod
1573 1588 1661 1616 non

146 1633 291 1676 debet⁹
310 1634 616 1677 histrionaliter
634 1634 705 1676 vel
724 1634 971 1677 indecenter
984 1634 1180 1684 vestitus,
1194 1633 1266 1676 vel
1284 1633 1399 1675 ludis
1419 1632 1659 1675 inhonestis

144 1692 445 1747 coinquinatus
462 1708 472 1745 ;
491 1706 636 1748 ymmo
651 1697 775 1748 gestu
795 1696 838 1735 et
857 1696 990 1743 motu,
1005 1692 1114 1743 visu,
1134 1692 1298 1733 intuitu
1312 1691 1464 1747 gravis,
1480 1692 1659 1743 sobrius,

145 1753 190 1792 et
217 1750 266 1791 in
285 1750 437 1793 habitu
460 1765 668 1806 apparens
688 1751 788 1793 talis
809 1751 948 1806 qualis
970 1750 1085 1806 [est]·.
1143 1749 1280 1791 Alia¹⁰
1299 1749 1414 1805 quod
1446 1749 1568 1804 [non]
1601 1750 1661 1792 sit

144 1808 275 1851 nimis
305 1809 527 1851 familiaris
556 1809 627 1851 vel
654 1809 843 1860 humilis,
874 1810 976 1875 quia
1004 1809 1109 1850 talia
1141 1807 1323 1863 parent¹¹
1354 1811 1661 1862 contemptum,

79 1870 83 1876 '
144 1870 188 1908 et
217 1867 272 1908 ad
293 1867 527 1909 stulticiam
547 1868 811 1923 imputatum
802 1843 851 1892 ·12
885 1867 987 1922 quia
1005 1867 1082 1908 ubi
1102 1866 1285 1907 nimium
1306 1869 1499 1908 servatur
1517 1865 1660 1907 humi-

143 1924 254 1976 litas,
256 1924 289 1951 13
317 1926 490 1981 regendi
511 1926 720 1982 frangitur
749 1926 966 1976 autoritas,
996 1928 1040 1967 et
1068 1924 1164 1967 ideo
1197 1924 1259 1966 810
1286 1937 1331 1966 80
1360 1924 1517 1966 habeat
1546 1923 1660 1965 inter

146 1982 230 2025 duo
255 1987 455 2035 extrema,
476 1983 797 2040 arroganciam¹4
816 1987 861 2026 et
879 1983 1183 2033 humilitatem,
1202 1986 1252 2024 ut
1272 1983 1477 2036 timeatur
1496 1986 1540 2024 et
1560 1981 1659 2023 (11]1-

145 2045 295 2095 gatur3
329 2042 404 2084 sed
423 2042 520 2097 plus
546 2043 690 2098 cupiat
711 2042 844 2084 amari
864 2055 993 2097 quam
1013 2041 1167 2092 timeri,
1187 2040 1268 2083 hoc
1289 2044 1365 2091 est,
1385 2044 1434 2082 ut
1455 2040 1659 2095 diligatur

145 2112 171 2140 a
199 2075 322 2142 bon'is
353 2098 430 2142 et1⁵
458 2100 661 2142 timeatur
681 2115 706 2142 a
725 2100 861 2142 malis.
922 2100 1046 2150 Item,
1067 2099 1151 2141 alia
1170 2099 1283 2141 bona
1315 2097 1510 2141 condicio
1541 2098 1658 2153 quod

145 2157 316 2199 studeat
335 2157 621 2200 discordantes
642 2159 694 2200 ad
714 2159 946 2200 fraternam
964 2171 1114 2213 pacem
1132 2170 1337 2199 revocare.
1399 2157 1523 2207 Item,
1543 2156 1659 2211 quod

145 2219 362 2257 monetam
395 2229 517 2257 suam
546 2216 601 2258 ad
633 2216 867 2258 utilitatem
900 2216 962 2258 rei
996 2215 1180 2270 publicae
1215 2215 1384 2257 studeat
1418 2190 1655 2257 reformare.

146 2273 270 2324 Item,
291 2277 512 2316 extraneos
541 2273 769 2316 honorifice
792 2278 1017 2328 receptare,
1039 2276 1082 2315 et
1111 2273 1165 2315 ab
1186 2273 1384 2314 omnibus
1413 2272 1583 2327 injuriis
1614 2275 1658 2315 et

144 2331 463 2397 impedimentis
495 2331 719 2374 defendere
754 2335 799 2374 et
833 2345 1092 2381 conservare,
1132 2344 1180 2372 ac
1213 2330 1360 2373 literas
1394 2330 1660 2396 requisitas¹⁶

144 2390 206 2432 eis
225 2393 439 2456 gratanter
465 2390 702 2432 concedere.
762 2390 922 2432 Caveat
942 2403 987 2431 80
1007 2403 1107 2431 011111
1136 2388 1513 2431 excommunicatis
1543 2402 1658 2431 com-

144 2448 372 2499 municare,
392 2447 672 2490 histrionibus
694 2451 737 2490 et
761 2447 1068 2503 joculatoribus
1092 2460 1180 2488 non
1199 2446 1430 2497 intendere,
1451 2446 1656 2489 derisores

145 2506 309 2561 punire,
344 2510 546 2562 negantes
585 2507 632 2547 in
665 2505 779 2548 ludis
814 2503 991 2548 Deum1⁷
1026 2509 1069 2548 et
1103 2504 1447 2560 blasphemantes
1487 2508 1656 2547 sanctos

208 2681 222 2704 1
238 2682 594 2726 quia—personarum
611 2683 646 2714 in
662 2681 798 2723 margin
813 2682 848 2714 in
865 2680 950 2714 later
966 2680 1070 2714 hand.
1234 2678 1249 2701 2
1265 2679 1304 2713 B.
1324 2679 1361 2714 O.
1380 2680 1420 2714 E.
1439 2680 1559 2724 possit.

208 2728 223 2750 ³
238 2730 275 2764 O.
293 2730 336 2763 D.
355 2729 394 2763 E.
414 2731 494 2763 omit
510 2729 675 2762 condicio.
772 2726 787 2748 4
803 2728 842 2760 B.
861 2728 901 2760 si.
1233 2725 1248 2748 ⁵
1264 2727 1303 2762 B.
1322 2727 1359 2761 C.
1380 2727 1418 2761 Ε.
1436 2727 1631 2771 proveniat.

207 2775 223 2798 ⁶
239 2777 276 2810 B.
296 2787 384 2809 cum.
670 2774 683 2798 ⁷
700 2776 739 2810 B.
759 2774 794 2808 0.
814 2775 856 2808 D.
875 2775 914 2808 E.
933 2774 1153 2808 mordebunt.
1231 2772 1245 2795 ⁸
1261 2774 1300 2808 B.
1320 2785 1370 2808 eo.

207 2822 223 2844 ⁹
238 2824 278 2857 B.
295 2824 332 2857 C.
352 2823 390 2856 Ε.
410 2824 482 2857 add
498 2834 580 2857 esse.
761 2820 789 2844 ¹⁰
806 2822 842 2855 C.
862 2822 900 2855 E.
919 2822 981 2855 ita.
1031 2822 1070 2855 B.
1088 2822 1178 2855 adds
1195 2821 1352 2855 condicio
1369 2824 1432 2855 est.

192 2869 220 2892 ¹¹
237 2871 274 2904 B.
293 2871 440 2914 parient.
761 2867 789 2891 ¹²
806 2870 844 2903 B.
863 2870 1093 2912 imputantur.
1218 2868 1246 2890 ¹³
1263 2869 1299 2902 C.
1318 2869 1357 2902 E.
1376 2867 1590 2901 humanitas.

193 2916 221 2938 ¹⁴
236 2918 273 2952 O.
294 2918 332 2951 E.
350 2918 422 2951 add
439 2929 465 2951 8.
760 2914 788 2938 ¹⁵
805 2916 842 2950 O.
862 2917 958 2950 omits
975 2918 1020 2949 et.
1213 2914 1242 2937 ¹⁰
1259 2917 1297 2951 C.
1316 2916 1354 2949 Ε.
1374 2915 1574 2958 requisitus.

763 2962 791 2986 ¹⁷
808 2963 843 2997 C.
863 2964 903 2996 E.
922 2965 1002 2996 omit
1019 2963 1142 2996 Deum.
