2008 3360
737 309 864 340 LIBER
884 308 1087 341 OCTAVUS.
1604 300 1622 335 1
1631 299 1653 336 5
1660 298 1683 335 3

184 416 297 472 apud
316 415 484 470 Duplin
504 415 745 470 incipiebat.
803 414 1038 456 Edwardus
1056 427 1168 465 vero,
1187 428 1262 457 rex
1281 413 1459 469 Angfiae,
1478 416 1623 455 movet
1642 425 1688 453 se

183 474 369 525 tandem,
387 476 484 529 post
503 473 836 529 resignacionem
860 473 1098 515 invalidam
1115 473 1235 528 regni
1263 472 1432 522 Scociae,
1453 471 1567 526 apud
1587 470 1689 512 Ber-

184 533 350 582 wicum‚
379 532 454 574 ubi
483 545 630 574 omnes
663 544 854 586 proceres
884 536 927 573 et
955 530 1149 586 praelatos
1180 530 1232 573 de
1263 530 1408 573 Scocia
1437 529 1559 572 citari
1587 528 1690 570 fecit

184 603 325 632 coram
344 604 392 632 eo
409 606 418 631 ε
448 590 524 645 qui
552 604 629 644 pro
647 589 798 644 majori
815 593 934 644 parte
963 588 1123 630 ibidem
1141 592 1362 639 venerunt,
1381 592 1426 630 et
1445 587 1527 630 sibi
1546 586 1691 628 taliter

185 648 369 703 qualiter
396 647 641 703 homagium
670 647 871 698 fecerunt,
890 660 1005 689 more
1033 660 1122 697 suo,
1140 646 1243 689 licet
1262 645 1413 689 coacti1
1432 659 1508 701 per
1526 645 1616 687 vim
1646 648 1691 686 et

184 710 361 756 metum,
394 706 571 757 redditis
610 705 693 747 sibi
727 705 874 747 castris
908 709 952 747 et
989 705 1107 747 locis.
1124 704 1365 747 fortissimis
1396 703 1525 759 regni.
1596 702 1692 752 Qui

186 769 331 806 tamen
350 777 437 805 non
456 763 643 806 mutavit
674 763 927 818 capitaneos,
947 776 1086 817 neque
1115 762 1220 805 alios
1250 762 1471 805 officiarios
1495 760 1692 816 justiciae,

186 822 273 872 sed,
302 821 484 877 reperto²
518 822 571 863 ab
610 821 771 863 eisdem
804 821 1060 875 juramento,
1094 820 1254 863 eisdem
1277 834 1370 870 ,sua
1407 818 1693 876 gubernacula

186 879 418 934 unicuique
437 879 673 931 commisit3
701 891 851 920 verum
880 879 1122 933 capitaneos
1151 878 1477 920 fortissimorum
1504 877 1694 919 locorum

187 937 382 987 mutavit,
402 940 446 979 et
465 937 570 979 alios
600 935 794 978 custodes
823 936 870 977 in
900 950 1046 978 eorum
1075 936 1179 978 locis
1199 936 1504 992 deputavit,·ac
1523 935 1694 977 thesau-

189 995 319 1037 rarios
335 994 558 1045 ordinavit,
578 999 621 1036 et
641 993 745 1036 alios
764 993 980 1035 redituum
999 998 1244 1049 receptores.
1302 995 1361 1036 Et
1381 996 1698 1048 consequenter,

188 1053 361 1095 credens
391 1066 437 1094 se
460 1052 563 1094 satis
593 1065 790 1094 securum
818 1065 909 1094 esse
930 1051 983 1093 de
1002 1051 1158 1093 humili
1189 1052 1411 1094 Scotorum
1440 1051 1698 1101 obediencia,

191 1109 401 1165 disposuit
439 1123 484 1152 se
519 1123 660 1165 segem
694 1110 954 1151 Francorum
992 1109 1212 1153 debellare.
1273 1110 1427 1152 Statim
1464 1123 1563 1151 vero
1601 1112 1700 1164 post

190 1169 281 1223 ejus
294 1168 458 1218 exitum
473 1167 525 1210 de
537 1167 696 1223 Anglia
710 1167 757 1208 in
771 1167 806 1208 F
806 1167 1006 1218 ranciam,
1021 1168 1260 1223 congregati
1275 1171 1377 1209 sunt
1391 1167 1506 1222 apud
1520 1168 1701 1209 Sconam

190 1239 336 1268 omnes
355 1230 573 1281 magnates
601 1225 769 1276 Scociae‚
790 1239 889 1267 cum
917 1225 1013 1267 aliis
1042 1225 1280 1280 Anglicatis
1312 1226 1459 1276 Scotis„
1480 1230 1522 1268 et
1542 1225 1701 1267 ibidem

191 1297 317 1326 suum
347 1287 590 1325 statuerunt
618 1283 972 1338 parliamentum:
1003 1283 1079 1325 ubi
1105 1284 1171 1325 xii
1190 1284 1237 1325 in
1256 1297 1384 1339 regno
1416 1283 1572 1326 Scociae
1603 1296 1701 1324 con-

191 1342 422 1384 stituerunt
441 1341 649 1392 custodes,
669 1341 759 1383 sive
779 1342 899 1397 regni
918 1355 1052 1397 pares,
1072 1341 1126 1383 ad
1145 1342 1327 1384 tutelam
1348 1346 1391 1384 et
1410 1341 1530 1397 regni
1549 1340 1702 1382 tuicio-

189 1413 301 1450 nem,
327 1403 371 1441 et
400 1399 687 1442 defensionem
716 1399 926 1442 libertatis
956 1399 1171 1455 ejusdem3
1206 1404 1260 1451 et,
1280 1404 1331 1441 ut
1360 1400 1459 1442 talis
1489 1398 1703 1452 ordinacio

189 1457 362 1513 majoris
382 1457 596 1499 firmitatis
619 1458 747 1499 robur
766 1457 952 1510 haberet,
974 1471 1050 1513 pro
1070 1458 1233 1500 mutuis
1263 1458 1492 1509 favoribus,
1513 1456 1703 1499 consiliis

193 1520 237 1558 et
256 1515 428 1557 auxiliis
459 1515 541 1557 sibi
569 1515 724 1557 futuris
753 1516 1015 1571 temporibus
1044 1515 1354 1571 impendendis,
1374 1529 1522 1558 omnes
1551 1515 1704 1557 unani-

194 1573 320 1615 miter
350 1572 494 1615 simul³
514 1577 616 1615 sunt
634 1587 787 1629 magno
818 1578 1080 1616 sacramento
1104 1574 1249 1629 jurati.
1309 1575 1413 1616 Post
1441 1573 1539 1616 hoc4
1559 1577 1704 1615 autem

195 1635 331 1673 castra
379 1635 576 1686 reparant
622 1631 805 1682 ruinosa,
854 1636 898 1674 et
940 1636 1146 1687 ponentes
1161 1631 1177 1657 ⁵
1226 1633 1468 1687 capitaneos
1518 1635 1562 1674 et
1612 1645 1706 1672 cus-

195 1689 314 1730 todes
343 1688 391 1730 in
409 1688 512 1730 locis
540 1689 788 1731 forcioribus
809 1692 852 1731 et
881 1689 1127 1740 tucioribus,
1146 1693 1190 1732 et
1219 1690 1417 1732 omnibus
1443 1690 1582 1731 modis
1609 1703 1707 1744 pos-

197 1746 391 1788 sibilibus
439 1750 681 1801 proponunt
721 1760 766 1789 se
805 1751 952 1789 contra
998 1747 1305 1802 nequissimam
1352 1747 1462 1803 regis
1506 1746 1707 1789 Edwardi

196 1804 492 1846 crudelitatem
511 1804 676 1846 fortiter
694 1805 991 1856 resistendum,
1014 1818 1063 1847 ac
1092 1805 1182 1847 suis
1212 1805 1444 1847 insultibus
1466 1809 1509 1847 et
1527 1818 1706 1860 usurpa-

199 1862 393 1904 cionibus
413 1862 613 1904 violentis
633 1863 906 1905 obviandum.
967 1863 1095 1905 Unde
1113 1877 1227 1905 unus
1248 1863 1300 1906 de
1319 1863 1545 1918 praecipuis
1567 1865 1707 1904 custo-

199 1920 323 1962 dibus
343 1920 434 1971 viz.,
450 1921 481 1963 J
484 1920 671 1962 ohannes
692 1920 744 1962 de
765 1921 946 1976 Oumyn‚
967 1934 1106 1963 comes
1127 1921 1387 1972 Bucham’ae‚⁶
1406 1921 1494 1963 dux
1515 1920 1686 1975 eligitur
1697 1935 1708 1972 ;

197 1978 274 2032 qui
303 1991 400 2019 cum
430 1991 582 2033 magno
613 1979 802 2021 exercitu
831 1979 878 2020 in
897 1978 1100 2034 Angliam
1129 1993 1317 2035 pergens,
1337 1979 1518 2021 boriales
1538 1978 1707 2034 Angliae

196 2039 339 2090 partes
377 2035 548 2077 flamma
587 2039 630 2078 et
669 2037 776 2078 ferro
815 2037 1011 2088 vastavit,
1044 2038 1301 2079 monasteria
1340 2037 1424 2078 duo
1463 2036 1708 2086 combussit,

201 2091 409 2134 Carleolo⁷
429 2093 618 2144 obsessit,
638 2094 712 2136 sed
731 2098 876 2136 tamen
895 2095 1068 2151 negocio
1091 2095 1339 2150 imperfecto
1368 2095 1552 2137 recessit.
1614 2094 1708 2145 Quo

200 2150 374 2204 quidem
389 2164 498 2192 anno
514 2151 691 2193 Domini
704 2161 758 2193 Μο
771 2161 835 2194 cc⁰
849 2153 1122 2208 nonagesimo
1136 2153 1227 2203 vii0,
1244 2167 1331 2208 quo
1351 2152 1708 2205 anno-Edwardus
1718 2159 1787 2183 Α-Β·
1806 2152 1893 2186 1297-

200 2208 438 2262 praedictus,
468 2208 520 2250 de
550 2209 729 2250 Francia
756 2210 979 2252 reveniens
1012 2211 1059 2251 in
1087 2210 1301 2266 Angliam‚
1330 2211 1487 2252 infecto
1522 2210 1709 2265 negocio,

200 2265 363 2307 bellum
393 2270 538 2307 contra
566 2279 707 2321 regem
726 2267 914 2309 Franciae
940 2272 1044 2309 tunc
1064 2268 1162 2310 dare
1191 2268 1342 2319 noluit,
1362 2268 1464 2323 quia
1482 2268 1535 2310 de
1563 2268 1709 2310 matri-

201 2323 344 2365 monio
380 2323 492 2365 inter
530 2336 600 2365 eos
635 2328 975 2379 appunctuatum
1009 2325 1104 2376 fuit,
1141 2328 1184 2367 et
1217 2325 1323 2368 fides
1358 2326 1562 2381 praestita,
1596 2326 1709 2368 inter

198 2380 470 2431 Edwardum,
499 2394 640 2436 regem
668 2381 849 2436 Angliae,
879 2386 922 2424 et
956 2383 1251 2438 Margaretam‚
1285 2397 1469 2426 sororem
1502 2384 1711 2439 Phihppiss

202 2438 310 2494 regis
324 2438 357 2491 3⁹
387 2443 430 2481 et
443 2438 699 2494 propterea¹⁰
716 2440 986 2495 congregavit
1005 2441 1238 2483 exercitum
1257 2441 1473 2497 copiosum
1494 2443 1548 2485 ad
1560 2442 1710 2485 debel-

198 2496 379 2538 landum
408 2496 571 2539 nobiles
602 2497 768 2547 Scociae,
787 2501 877 2539 tam
907 2497 1050 2540 dolose
1079 2502 1123 2541 et
1151 2499 1303 2542 callide
1333 2513 1461 2555 quam
1481 2501 1614 2544 eciam
1634 2514 1710 2556 per

203 2554 456 2610 potenciam,
475 2554 577 2596 totis
597 2554 760 2597 viribus
780 2555 1064 2610 possibilibus.

267 2707 280 2729 ¹
298 2708 334 2742 O.
354 2709 397 2742 D.
415 2708 455 2741 Ε.
474 2711 604 2742 coacte.
817 2707 831 2730 ²
846 2710 886 2743 E.
904 2713 1053 2754 recepto.
1290 2711 1305 2734 ³
1320 2712 1358 2746 B.
1379 2713 1416 2747 O.
1435 2713 1478 2747 D.
1497 2714 1536 2747 E.
1555 2713 1706 2748 insimul.

268 2753 282 2776 4
299 2755 336 2788 O.
354 2755 394 2788 E.
411 2755 496 2789 haec.
817 2754 831 2777 ⁵
848 2757 885 2790 O.
903 2760 1074 2801 potentes.

269 2800 283 2822 ⁶
299 2802 337 2834 B.
358 2802 403 2834 de
419 2802 592 2835 Bouchan.
644 2803 681 2836 Ο.
700 2803 738 2836 Ε.
758 2803 929 2847 Commyn
941 2816 1054 2839 comes
1071 2805 1115 2840 de
1131 2806 1340 2840 Bouchania.
1390 2807 1432 2840 D.
1452 2807 1668 2841 Bouchaniae.

271 2846 286 2869 ⁷
303 2848 339 2882 O.
358 2849 398 2883 E.
416 2849 621 2883 Oarleolum.
1289 2852 1303 2875 ⁸
1320 2855 1362 2888 D.
1380 2854 1550 2897 Philippe.

272 2893 287 2916 ⁰
305 2895 340 2930 G.
359 2895 399 2929 E.
418 2897 490 2929 add
507 2896 669 2930 Franciae.
720 2897 762 2931 D.
777 2898 866 2931 adds
883 2901 948 2933 etc.
1279 2899 1308 2922 ¹⁰
1324 2902 1361 2935 C.
1381 2901 1420 2934 E.
1438 2904 1590 2944 propter.
