2008 3360
366 361 447 399 404
979 365 1199 397 APPENDIX
1220 364 1246 395 1.

361 473 398 516 Ο
447 472 601 572 Paslgt,
630 472 678 538 in
709 469 979 521 Oliddisdale,
1010 468 1296 513 Olunacensis.
1356 466 1573 511 Fundator
1602 465 1866 509 Senescallus

570 543 707 572 coclae.

369 618 412 661 4-
445 613 476 656 J
478 612 658 662 edword,
688 611 736 653 in
767 610 1041 661 Gliddisdale,
1074 609 1235 652 ordinis
1267 608 1414 652 Sancti
1444 606 1689 664 Augustini.
1749 607 1864 649 Fun-

537 670 660 712 dator
679 683 755 712 rex
773 668 918 711 David
939 667 1159 711 secundus.

364 754 381 808 (
448 752 649 802 Kelkoes,
679 750 935 801 Tironensis,
954 750 1001 792 in
1020 749 1226 793 Twedale.
1285 747 1502 791 Fundator
1522 748 1704 791 Sanctus
1723 745 1867 788 David

538 823 614 852 rex
635 808 765 865 [anno
789 808 930 864 1128}

371 895 453 942 45
465 892 637 942 Meiros,
658 890 950 941 Cisternensis‚
970 891 1018 933 in
1036 889 1242 941 Twedale,
1262 888 1422 931 ordinis
1452 887 1598 930 Sancti
1627 885 1868 942 Augustini.

537 949 758 992 Fundator
778 949 959 991 Sanctus
978 947 1123 991 David
1142 948 1236 990 Rex
1257 947 1387 1003 [anno
1411 946 1551 1001 1136].

366 1035 386 1088 [
451 1032 694 1088 Dryburgh‚
714 1031 762 1073 in
781 1031 991 1082 Tevidale‚
1015 1028 1444 1073 Praemonstratensis.
1502 1027 1721 1087 Fundator
1739 1025 1868 1081 Hugo

540 1089 733 1132 Morwile
754 1089 886 1145 [anno
910 1089 1050 1145 1141].

368 1176 403 1219 6
452 1172 679 1222 NewbotiL
712 1171 760 1213 in
797 1170 1028 1221 Laudonia,
1063 1169 1356 1213 Cisternensis.
1431 1168 1649 1211 Fundator
1687 1167 1869 1210 Sanctus

540 1229 683 1272 David
702 1229 795 1271 Rex
816 1228 946 1285 [anno
970 1229 1111 1284 114o].

374 1318 417 1361 4
454 1310 619 1353 Sanctae
650 1309 810 1360 Crucis,
838 1309 886 1350 in
914 1309 1142 1360 Laudonia,
1172 1309 1319 1352 Sancti
1350 1308 1594 1364 Augustini.
1654 1307 1871 1350 Fundator

543 1368 723 1410 Sanctus
742 1367 887 1409 David
907 1367 1001 1409 Rex
1022 1367 1151 1422 [anno
1176 1367 1317 1422 1128}

374 1457 417 1501 -ι-
454 1449 851 1505 Cambuskynneth,
870 1450 916 1491 in
938 1449 1266 1505 Stirlingschire,
1287 1449 1434 1492 Sancti
1452 1447 1694 1504 Augustini.
1755 1447 1870 1489 Fun-

540 1508 661 1550 dator
681 1508 863 1549 Sanctus
886 1507 979 1549 Rex
998 1506 1152 1549 David.

376 1595 418 1639 -Ι-
456 1590 606 1632 Insula
626 1589 869 1640 Missarum,
887 1588 935 1630 in
955 1589 1188 1640 Strathern,
1201 1588 1346 1631 Sancti
1365 1587 1607 1644 Augustini.
1656 1586 1874 1630 Fundator

542 1660 681 1690 comes
701 1647 920 1690 Gilbertus
941 1647 1140 1702 ejusdem.

370 1737 402 1783 '7
461 1737 700 1788 Culenross,
733 1737 781 1779 in
821 1737 1245 1789 Clakmannanschir,
1285 1737 1576 1781 Cisternensis.
1655 1736 1874 1779 Fundator

544 1795 782 1838 Malcomus
804 1809 944 1838 comes
965 1796 1017 1838 de
1036 1796 1071 1837 F
1072 1796 1141 1838 ife.

384 1886 408 1929 L
459 1884 757 1940 Dunfermlyn‚
769 1886 817 1927 in
835 1885 1038 1941 Fothryk,
1052 1885 1256 1928 Monachi
1274 1886 1407 1941 Nigri.
1458 1885 1674 1927 Fundator
1693 1885 1874 1927 Sanctus

546 1944 639 1986 Rex
659 1943 803 1985 David
823 1947 867 1985 et
888 1943 1043 1986 Sancta
1062 1944 1300 1999 Margareta
1320 1943 1496 1999 Regina.

459 2035 609 2078 Insula
627 2034 850 2085 Nemonia,
865 2035 912 2076 in
931 2035 1029 2076 Mar
1049 2034 1280 2086 Scoticano,
1297 2035 1455 2077 Sancti.
1513 2034 1730 2077 Fundator
1749 2034 1877 2077 Alex-

546 2092 676 2135 ander
693 2106 769 2135 rex
787 2093 963 2148 primus,

374 2188 391 2240 (
457 2183 679 2234 Lundoris,
708 2183 756 2225 in
784 2183 980 2235 anside,
999 2183 1251 2226 Tironensis.
1311 2184 1527 2226 Fundator
1557 2184 1701 2226 David
1735 2198 1874 2227 comes

548 2241 601 2284 de
623 2242 926 2304 Huntyngton.

376 2336 411 2379 8
469 2333 774 2389 Almurynoch,
803 2333 851 2375 in
884 2333 989 2384 Fife,
1020 2333 1312 2376 Cisternensis.
1371 2333 1590 2376 Fundator
1619 2333 1877 2390 Ermagarda

547 2392 692 2447 regina
711 2391 840 2446 Regis
859 2390 1081 2435 Wfflelmi.

383 2490 425 2533 -1-
461 2481 608 2531 Scona,
634 2481 681 2523 in
710 2482 872 2532 Gowre,
903 2481 1050 2524 Sancti
1077 2481 1320 2538 Augustini.
1380 2481 1597 2524 Fundator
1626 2482 1719 2525 Rex
1747 2481 1876 2524 Alex-

549 2539 680 2581 ander
697 2539 873 2595 primus.

379 2629 415 2673 9
469 2630 670 2684 Cuprum,
704 2630 752 2672 in
777 2630 989 2696 Angusia,
1025 2630 1317 2673 Cisternensis.
1388 2631 1607 2673 Fundator
1639 2630 1732 2673 Rex
1766 2630 1879 2672 Mal—

549 2687 711 2729 colmus
730 2688 873 2743 Virgo.

378 2780 395 2833 (
463 2778 709 2878 Abiibiffh'
742 2779 789 2821 in
822 2779 1029 2835 Aug-usia,
1063 2780 1315 2823 Tironensis.
1390 2780 1607 2822 Fundator
1641 2778 1735 2821 Rex
1768 2777 1878 2820 Wil-

570 2850 592 2879 e
654 2850 715 2879 us.

381 2918 442 2963 10
465 2920 589 2971 Dere,
632 2918 680 2962 in
723 2919 981 2971 Bouchania,
1020 2920 1311 2963 Cisternensis.
1371 2919 1588 2962 Fundator
1631 2918 1876 2962 Willelmus

551 2977 722 3034 Oumyn
742 2992 880 3021 comes
900 2978 952 3021 de
972 2977 1185 3021 Bouchan.
