2008 3360
184 929 252 952 ΔΛ).
270 922 357 953 1332.

386 285 465 323 264
886 290 1010 320 LIBER
1031 288 1382 320 PLUSCARDENffis.

379 395 544 451 Angliae
563 409 750 451 pergens,
770 395 822 436 ab
843 407 891 436 eo
911 393 1119 435 auxilium
1138 392 1186 434 in
1204 405 1305 435 casu
1329 391 1528 447 praedicto
1557 391 1799 446 postulavit,
1823 393 1868 432 et

380 467 523 496 secum
541 467 617 508 pro
636 451 900 508 aliquantulo
918 450 1119 505 temporis
1138 450 1379 505 permansit.
1438 448 1618 491 Interim
1632 453 1775 496 autem
1792 462 1867 490 rex

382 511 614 566 Hispaniae,
634 511 680 552 in
712 510 911 552 Sanctam
941 507 1110 550 Terram
1139 520 1327 563 pergens,
1359 506 1544 549 nobilem
1574 506 1604 548 J
1606 506 1781 548 acobum
1815 505 1868 547 de

379 569 567 624 Douglas
605 580 749 610 secum
786 561 985 608 traliuxit.
1045 564 1131 616 Qui
1162 564 1252 607 rex¹
1283 564 1481 615 invictus,
1518 563 1666 605 multis
1704 563 1868 618 adeptis

378 626 578 676 victoriis,
617 625 671 667 ad
709 623 878 679 propria
916 622 1140 665 incolumis
1178 622 1413 665 revertitur.
1471 622 1502 664 J
1503 621 1656 663 acobus
1688 633 1788 662 vero
1816 620 1868 662 de

379 683 567 739 Douglas
587 681 747 724 ibidem
776 681 890 723 diem
909 680 1062 723 clausit
1081 683 1328 722 extremm.
1389 679 1474 730 Qui
1493 677 1677 733 amplius
1707 677 1760 719 de
1788 676 1869 719 hac

381 741 556 783 materia
575 739 680 782 scire
695 737 963 790 desiderant,⁵3
976 737 1031 780 ad
1044 737 1264 793 legendam
1279 736 1383 779 dicti
1397 734 1740 779 excellentissimi
1758 734 1871 789 prin-

381 799 487 853 cipis
518 798 566 839 in
604 800 748 839 nostro
776 796 921 852 wlgari
959 796 1235 850 compositam
1273 797 1470 844 transeat,
1502 793 1578 835 ubi
1611 792 1666 835 ad
1698 791 1871 847 longum

381 856 569 911 reperiet.
628 854 782 897 Dictus
819 867 919 896 vero
957 854 1138 895 Thomas
1170 852 1388 907 Ranulphi
1421 851 1527 894 obiit
1555 864 1666 892 anno
1694 849 1872 892 Domini

382 923 434 956 ΜΟ
446 920 534 956 ccc⁰
545 912 679 963 xxxii,
698 911 900 954 kalendas
920 911 1105 967 Augusti
1120 910 1238 952 xiii⁰z
1267 913 1364 965 post
1382 909 1503 964 cujus
1523 911 1701 951 mortem
1712 906 1872 949 Donal-

383 972 463 1014 dus
501 970 658 1013 comes⁸
695 970 748 1012 de
788 969 895 1020 Mar,
934 968 1148 1011 communi
1186 981 1396 1011 consensu
1428 966 1557 1022 regni,
1592 965 1705 1020 apud
1744 964 1874 1006 Perth

383 1029 543 1072 electus
563 1031 628 1071 est
647 1028 693 1069 in
713 1027 831 1082 regni
850 1026 1068 1069 custodem
1084 1042 1095 1078 ;
1123 1026 1199 1081 qui
1219 1039 1325 1068 onus
1345 1025 1391 1067 in
1410 1038 1455 1067 se
1474 1024 1670 1078 suscepit.
1719 1022 1873 1064 Dictus

382 1100 482 1129 vero
515 1086 696 1129 Thomas
730 1084 947 1140 Ranulphi
985 1084 1098 1140 apud
1129 1082 1416 1139 Dunfermlyn
1454 1080 1684 1137 sepelitur‚⁴
1717 1083 1875 1122 sanctae

387 1144 545 1187 Mariae.

406 1291 621 1347 §equitat
639 1293 688 1336 bt
708 1290 913 1336 OEhmatho
932 1290 979 1335 he
1000 1289 1206 1344 §allium
1223 1303 1313 1334 tum
1332 1286 1700 1334 immunita—Gt.
1722 1286 1852 1331 xxxiii.

385 1382 789 1448 EDWARDUS
802 1397 936 1498 qvem]
951 1398 1002 1441 de
1015 1398 1204 1449 Balliolo,
1215 1401 1439 1454 postquam
1451 1396 1651 1452 Angliam
1663 1394 1740 1438 sic⁵
1751 1395 1877 1436 intra-

384 1462 512 1508 verat,
533 1457 674 1512 plures
704 1456 804 1499 nobi
822 1470 865 1499 es
894 1460 982 1498 tam
1013 1456 1168 1499 Scociae
1187 1470 1316 1511 quam
1334 1454 1502 1510 Angliae
1525 1454 1572 1495 in
1590 1452 1764 1509 Anglia⁶
1781 1465 1875 1506 rep-

382 1515 504 1570 perit,
524 1515 600 1570 qui
619 1528 664 1556 se
684 1514 736 1556 de
755 1514 1061 1556 hereditatibus
1081 1513 1168 1556 suis
1189 1514 1235 1555 in
1254 1513 1372 1568 nigro
1401 1511 1677 1567 parliamento
1697 1514 1740 1552 et
1759 1509 1875 1551 alubi

382 1573 540 1628 injuste
569 1572 770 1627 spoliatos
799 1571 1020 1614 dixerunt:
1050 1585 1229 1626 quorum
1257 1569 1509 1626 principales
1538 1569 1711 1611 fuerunt
1732 1566 1876 1609 David

382 1644 521 1672 comes
555 1629 748 1679 Atholiae,
783 1629 917 1671 eciam
949 1628 1013 1671 lez
1048 1628 1337 1684 Commynnis‚
1370 1628 1432 1670 les
1465 1626 1793 1675 Tallebocenses,
1826 1638 1875 1666 ac

383 1688 747 1741 Mowbrayenses;
774 1686 878 1729 item
890 1686 1102 1728 Henricus
1122 1686 1174 1728 de
1188 1686 1307 1728 Bello
1328 1685 1487 1735 Monte,
1502 1684 1628 1726 homo
1643 1683 1721 1726 alti
1740 1681 1876 1725 cordis

383 1750 427 1788 et
445 1745 588 1800 magni
617 1744 792 1787 consilii.
851 1744 923 1786 Ad
941 1757 1122 1799 quorum
1149 1743 1462 1799 persuasionem
1490 1746 1663 1797 pactum
1690 1741 1802 1783 inter
1830 1753 1875 1781 se
1918 1754 1921 1756 ·

383 1803 619 1853 firmabant,
638 1805 736 1844 ante
755 1806 934 1844 mortem
953 1801 1059 1844 dicti
1077 1800 1294 1856 Ranulphi
1314 1799 1499 1843 custodis
1515 1815 1525 1852 ;
1553 1802 1723 1854 propter
1751 1797 1872 1853 cujus

382 1862 577 1903 timorem
597 1859 854 1902 distulerunt
871 1859 1066 1914 incipere.
1122 1859 1239 1901 Nam
1259 1858 1398 1900 dictus
1418 1856 1630 1900 Henricus
1642 1855 1796 1911 saepius
1811 1854 1872 1897 eis

382 1919 520 1961 dicere
548 1918 708 1960 solebat
726 1917 840 1972 quod
869 1917 1025 1958 mirum
1054 1920 1164 1959 esset
1192 1917 1230 1958 si
1258 1915 1468 1958 Dominus
1489 1913 1779 1968 Omnipotens,
1799 1912 1875 1967 qui

376 1978 521 2032 justus
540 1979 606 2018 est
624 1980 668 2018 et
694 1975 889 2030 justicias
915 1974 1077 2024 dilexit,
1097 1978 1140 2016 et
1158 1974 1279 2029 cujus
1299 1973 1444 2015 vultus
1473 1971 1718 2027 aequitatem
1735 1968 1876 2020 vidit]

381 2034 644 2090 permitteret·
661 2036 751 2074 tam
765 2033 931 2087 justum
954 2031 1153 2087 judicem,
1172 2030 1416 2086 aequitatem
1435 2032 1678 2079 sectantem,
1697 2029 1745 2070 in
1763 2026 1875 2070 bello

382 2091 653 2134 succumbere
665 2093 739 2132 aut
750 2089 797 2131 in
807 2103 955 2145 guerra
960 2089 1138 2131 devinci.
1184 2088 1359 2139 Idcirco,
1370 2086 1504 2142 iniqui
1509 2090 1640 2129 tatem
1651 2085 1878 2128 meditans⁸

381 2150 429 2191 in
448 2149 570 2192 corde
590 2162 677 2199 suo,
691 2161 766 2203 per
779 2146 990 2203 quendam
1004 2147 1235 2202 Anglieum
1253 2145 1494 2201 religiosum
1514 2148 1768 2199 corruptum,
1783 2143 1874 2198 ejus

382 2207 633 2249 familiarem
646 2205 847 2247 intimum
866 2207 909 2247 et
924 2204 1199 2260 capellanum,
1215 2203 1397 2246 eundem
1410 2201 1658 2245 intoxicare⁹
1672 2201 1873 2243 fecerunt.

382 2265 526 2307 David
537 2264 669 2306 vero¹⁰
679 2262 762 2304 fuit
768 2263 940 2318 juvenis
955 2263 1002 2304 in
1014 2262 1253 2304 minoritate
1265 2261 1532 2310 constitutus,
1538 2259 1705 2315 quando
1716 2258 1873 2301 electus

383 2326 448 2364 est
467 2322 606 2364 dictus
627 2334 765 2364 comes
780 2321 832 2362 de
851 2320 949 2362 Mar
966 2320 1014 2362 in
1032 2319 1251 2362 custodem
1272 2318 1438 2362 Soooiae.
1498 2318 1580 2360 Cui
1598 2330 1709 2359 nova
1728 2328 1872 2370 super-

382 2383 590 2421 venerunt
608 2378 723 2434 quod
750 2377 981 2420 Edwardus
1011 2377 1063 2421 de
1093 2377 1271 2419 Balliolo
1300 2376 1435 2431 pridie
1464 2374 1666 2417 kalendas
1685 2373 1870 2428 Augusti

382 2437 429 2478 in
447 2450 557 2491 aqua
576 2436 628 2479 de
647 2435 779 2478 Forth
797 2435 1046 2491 applicuit,¹¹
1066 2449 1165 2478 cum
1184 2439 1344 2476 armata
1363 2434 1494 2476 classe
1517 2446 1615 2475 sua:
1649 2429 1757 2486 qui¹²
1774 2427 1869 2471 viii⁰

383 2494 453 2536 die
485 2494 676 2548 ejusdem
709 2493 867 2536 mensis
901 2492 1015 2548 apud
1049 2493 1245 2548 Kingorn
1284 2496 1442 2534 terram
1479 2490 1620 2546 peciit,
1653 2501 1751 2530 cum
1788 2498 1866 2527 sua

382 2551 575 2607 potencia
596 2554 862 2600 armatorum,
877 2551 952 2605 qui
967 2551 1219 2605 quingentos
1240 2548 1317 2592 et¹³
1331 2563 1380 2591 eo
1400 2548 1509 2590 circa
1526 2547 1574 2588 in
1592 2557 1765 2587 numero
1786 2556 1872 2583 non

433 2658 446 2681 ¹
463 2661 505 2693 D.
523 2662 654 2701 repeais
668 2669 730 2691 rex
746 2659 871 2692 deleted
887 2659 981 2693 later.
1108 2654 1112 2659 ’
1463 2654 1478 2676 ²
1492 2655 1531 2688 B.
1548 2653 1730 2687 desiderat.

432 2705 447 2728 ³
462 2717 576 2740 comes
591 2707 627 2738 in
643 2707 775 2747 maryin
791 2706 884 2738 later.

433 2752 448 2774 4
465 2753 502 2787 C.
529 2752 694 2795 sepultus.
743 2752 781 2784 B.
801 2751 837 2785 C.
856 2751 897 2785 E.
922 2753 1002 2784 omit
1025 2751 1161 2785 Sanctae
1184 2751 1313 2784 Mariae.
1369 2748 1451 2783 Text
1467 2748 1571 2782 leaves
1593 2757 1617 2779 a
1641 2744 1740 2779 blank
1762 2744 1871 2786 before

386 2803 515 2834 sanctae
531 2798 660 2832 Mariae.
710 2798 752 2832 D.
770 2798 858 2832 adds
873 2797 910 2831 in
927 2798 1057 2840 capella
1074 2798 1158 2831 lacer
1173 2799 1208 2830 in
1223 2796 1331 2831 blank.

433 2846 448 2868 ⁵
464 2847 500 2880 C.
518 2846 558 2879 E.
576 2847 654 2879 omit¹
669 2844 728 2878 sic.
931 2843 946 2866 ⁶
963 2845 998 2877 C.
1017 2844 1058 2877 D.
1077 2844 1118 2877 E.
1135 2843 1307 2887 Angliam.
1431 2839 1445 2863 ⁷
1462 2841 1499 2874 B.
1518 2840 1559 2873 D.
1578 2838 1684 2872 videt.

433 2892 446 2914 ⁸
463 2894 499 2927 C.
518 2894 558 2926 Ε.
574 2892 792 2925 meditantes.
933 2889 948 2912 ⁹
965 2891 1001 2924 C.
1020 2891 1059 2924 E.
1077 2890 1274 2923 intoxicari.
1420 2886 1449 2909 ¹⁰
1465 2887 1502 2921 C.
1522 2887 1560 2920 E.
1579 2887 1650 2919 add
1666 2896 1738 2919 rex.

415 2939 442 2962 ¹¹
461 2942 496 2974 C.
515 2941 555 2974 E.
574 2939 768 2983 applicavit.
918 2936 946 2959 ¹²
963 2937 999 2971 G.
1018 2937 1057 2971 E.
1075 2939 1154 2971 omit
1169 2937 1240 2980 qui.
1419 2933 1448 2956 ¹³
1465 2935 1500 2968 C.
1519 2934 1558 2967 E.
1576 2932 1641 2967 vel.
