2008 3360
46 454 70 464 -φ

750 327 875 359 LIBER
895 328 1094 361 memus.
1259 316 1261 318 ’
1594 321 1673 358 337

175 435 279 490 qudo
308 433 421 490 rycht
451 434 538 476 and
568 432 663 475 law¹
685 434 734 489 of
746 434 809 475 the
838 434 977 476 rewm2
997 435 1084 476 and
1113 438 1315 489 custumys
1327 452 1343 485 ;
1373 433 1519 489 eoecept³
1548 434 1597 488 of
1612 433 1674 474 the

173 508 338 548 persons
368 494 456 534 that
490 492 565 533 has
593 492 692 546 beyn
721 493 896 547 ayaym's
930 493 993 534 the
1017 493 1124 547 qudo
1145 506 1301 547 pumoos
1330 493 1380 547 of
1402 493 1465 533 the
1494 505 1674 533 common

170 552 297 606 profit
317 551 367 606 of
389 551 452 593 the
473 550 608 592 Zand.’'
664 549 721 591 Et
741 550 801 592 sic
820 563 895 604 per
913 550 1028 592 hunc
1057 551 1229 592 modum
1258 564 1331 593 rex
1353 549 1560 592 Ricardus
1590 549 1674 590 fuit

175 623 302 663 regno
322 608 513 664 privatus
545 612 587 649 et
617 611 782 657 exutus,
803 612 845 650 et
874 609 1088 663 perpetuis
1118 609 1351 650 carceribus
1375 608 1521 650 statim
1542 607 1672 661 depu-

175 671 291 709 tatus
326 671 369 710 et
403 666 611 707 diffinitus
626 665 658 718 34
697 665 797 707 licet
826 669 969 708 tamen
997 680 1072 721 per
1107 666 1312 721 quosdam
1347 666 1438 721 ejus
1469 664 1673 707 fautores⁵

173 724 257 766 fuit
288 724 453 766 concito
485 726 675 765 mutatus
710 723 933 774 subtiliter,
963 729 1005 765 et
1039 724 1203 775 exinde,
1223 724 1306 765 8110
1336 723 1467 765 simili
1500 724 1547 765 in
1581 723 1672 764 loco

174 783 265 836 ejus
286 782 529 832 constituto,
548 780 745 836 ereptus,6
764 785 806 823 et
826 781 880 823 ad
908 781 1070 824 insulas
1101 782 1257 824 Scociae
1286 785 1408 824 caute
1429 784 1599 824 evectus
1629 786 1673 822 et

174 841 481 890 transfretatus,
521 842 563 880 et
601 839 648 880 in
686 839 868 893 coquina
902 839 1063 880 domini
1102 839 1345 881 Insularum
1383 853 1458 894 per
1501 838 1674 893 aliquod

172 901 342 952 tempus
377 897 628 953 incognitus,
666 901 813 951 postea
850 900 993 939 tamen
1032 911 1057 939 a
1096 897 1280 951 quodam
1323 898 1441 939 fatuo
1476 897 1523 938 in
1548 897 1673 938 domo

174 954 338 997 domini
385 955 628 996 Insularum
668 955 743 1009 qui
782 953 897 996 ante⁷
935 955 982 996 in
1020 955 1191 1010 Anglia⁸
1229 969 1327 997 eum
1366 955 1563 1010 cognovit
1602 954 1674 996 de-

174 1012 348 1065 tentus,9
367 1026 441 1068 per
461 1013 624 1054 dictum
644 1012 863 1054 dominum
884 1012 1128 1054 Insularum
1148 1013 1260 1068 apud
1281 1026 1421 1069 regem
1442 1013 1673 1054 Robertum

173 1071 354 1112 tercium
382 1071 537 1112 missus
567 1073 631 1112 est
649 1070 696 1110 in
717 1070 907 1112 Scociam
936 1084 1011 1125 per
1030 1070 1250 1112 dominum
1270 1070 1322 1113 de
1352 1069 1675 1125 Montgumry.¹⁰

175 1129 261 1179 Qui
289 1142 363 1170 rex
393 1128 574 1170 eundem
603 1141 742 1182 regem
763 1128 991 1169 Ricardum
1020 1127 1259 1179 honorifice,
1287 1133 1338 1170 ut
1371 1128 1526 1179 decuit,
1547 1128 1673 1170 susti-

174 1186 282 1236 nuit,
302 1185 438 1227 dum¹¹
458 1186 595 1237 vixit3
625 1189 667 1227 et
686 1189 782 1239 post
811 1198 909 1227 eum
939 1185 1027 1227 dux
1050 1186 1245 1228 Albaniae
1274 1186 1469 1228 similiter
1498 1186 1610 1236 fecit,
1631 1190 1674 1228 et

173 1248 410 1285 reverenter
429 1256 527 1285 eum
547 1242 740 1293 nutrivit,
760 1242 937 1285 vestivit
957 1246 1000 1285 et
1020 1243 1313 1286 honorificavit
1332 1258 1466 1298 usque
1490 1244 1543 1285 ad
1564 1257 1675 1286 mor-

173 1305 286 1354 tem3
315 1305 358 1343 et
378 1301 424 1342 in
443 1300 643 1342 fratribus
673 1300 725 1342 de
746 1300 921 1356 Stirling
940 1305 1037 1355 post
1055 1305 1234 1343 mortem
1263 1302 1445 1344 eundem
1465 1301 1674 1356 sepelivit,

172 1359 227 1400 ad
256 1373 386 1401 cornu
405 1358 550 1400 altaris
576 1358 827 1413 aquilonale.
886 1358 972 1401 Hic
994 1359 1197 1401 Ricardus
1228 1359 1311 1401 fuit
1340 1359 1454 1401 filius
1474 1359 1672 1400 Edwardi

172 1417 376 1471 principis
395 1417 559 1467 Valliae,
579 1417 653 1471 qui
683 1416 823 1458 dictus
843 1419 908 1458 est
927 1416 1161 1459 Edwardus
1188 1417 1409 1472 quartus.12
1468 1417 1554 1458 Hic
1574 1431 1673 1458 vero

171 1475 256 1516 fuit
284 1475 399 1517 filius
419 1475 616 1516 Edwardi
646 1474 698 1516 de
717 1474 943 1516 Windisor.
1005 1474 1089 1525 Qui
1109 1475 1314 1517 Ricardus
1345 1475 1437 1517 xxii
1466 1489 1672 1517 annorum

173 1536 364 1574 mortuus
385 1536 449 1574 est
468 1533 559 1574 sine
579 1532 732 1573 liberis.
786 1533 842 1573 Et
862 1532 908 1573 111
927 1535 1114 1586 tempore
1135 1533 1398 1587 expulsionis
1418 1533 1509 1588 ejus
1529 1534 1671 1588 regina

174 1604 328 1645 sponsa
357 1603 433 1631 sua
462 1590 545 1631 fuit
563 1589 774 1639 Ysabella,
794 1589 882 1631 filia
901 1590 1033 1632 vero¹3
1062 1591 1170 1645 regis
1190 1591 1388 1643 Franciae,
1414 1591 1476 1632 xii
1504 1594 1674 1632 tantum

174 1662 392 1698 annorum,
422 1647 468 1689 in
498 1649 632 1689 castro
662 1647 715 1689 de
743 1647 961 1689 Windisor
993 1648 1215 1699 custodita,
1249 1652 1293 1690 et
1326 1662 1401 1703 per
1435 1662 1595 1690 annum
1631 1654 1674 1690 et

173 1705 400 1747 dimidium
420 1705 604 1757 reclusa3
634 1708 676 1747 et
688 1704 837 1746 multis
857 1705 1028 1747 1110111814
1048 1709 1091 1747 81
1110 1705 1294 1760 impulsa
1313 1706 1366 1748 ad
1386 1706 1673 1748 maritandum

173 1777 267 1804 cum
296 1762 497 1818 juniore¹⁶
518 1763 703 1805 Henrico
733 1763 998 1814 Loncastriae,
1018 1763 1096 1804 filii
1116 1767 1158 1805 et
1177 1763 1342 1806 heredis
1362 1764 1467 1805 dicti
1496 1763 1675 1805 Henrici

172 1822 280 1876 regis
313 1821 478 1875 quarti3
513 1821 588 1862 sed
622 1834 864 1886 nuncquam
900 1821 1137 1863 consentire
1170 1821 1318 1864 voluit.
1377 1821 1576 1871 Tandem,
1610 1835 1673 1863 re-

172 1879 345 1934 dempta
364 1878 550 1934 magna16
564 1878 704 1934 precio
723 1892 798 1933 per
812 1882 987 1933 patrem,
1003 1879 1251 1921 transmissa
1266 1882 1329 1921 est
1342 1879 1453 1934 patri
1474 1879 1673 1929 Parisius,

172 1942 215 1978 et
247 1940 382 1991 nupta
415 1951 490 2003 per
519 1936 610 1991 ejus
641 1936 924 1991 provisionem
957 1937 1193 1979 honorifice.
1253 1937 1424 1979 Accidit
1453 1940 1596 1979 autem
1627 1937 1674 1977 in

172 1998 359 2049 tempore
394 1994 517 2036 istius
550 1994 727 2036 Henrici
758 1995 898 2049 quarti
931 1994 1044 2049 quod
1078 1995 1251 2049 quidam
1285 1994 1503 2046 heremita,
1533 1995 1672 2036 dictus

173 2052 394 2094 Heremita
413 2052 563 2103 Albus,
583 2056 710 2094 natus
739 2052 791 2094 de
811 2052 979 2108 Anglia‚
999 2052 1144 2094 dicens
1173 2052 1287 2107 quod
1316 2067 1342 2094 a
1362 2053 1516 2095 Sancta
1536 2053 1672 2094 Trini-

172 2113 260 2151 tate
281 2110 452 2151 edoctus
472 2110 567 2160 fuit,
583 2110 686 2151 etin
706 2109 859 2165 spiritu
878 2110 988 2152 vidit
1004 2110 1146 2152 sedem
1166 2110 1270 2153 dicti
1285 2110 1426 2166 regis¹⁷
1442 2111 1488 2151 in
1508 2111 1672 2152 inferno

171 2172 461 2222 praeparatam,
481 2168 577 2223 igne
596 2167 821 2223 gehennali
841 2167 1157 2218 inflammatam,
1178 2172 1221 2210 81
1240 2168 1387 2210 multis
1408 2168 1672 2210 daemonibus

172 2225 562 2268 circumvallatam:
592 2225 638 2266 in
665 2239 749 2280 qua
779 2225 887 2276 sede,
917 2226 1002 2267 nisi
1032 2239 1228 2268 coronam
1256 2227 1339 2268 sibi
1368 2240 1455 2268 non
1483 2226 1672 2268 debitam

171 2282 282 2325 veris
302 2282 526 2325 heredibus
545 2283 787 2338 resignaret,
806 2288 903 2337 post
922 2286 1101 2325 mortem
1121 2283 1438 2326 collocaretur.18
1496 2284 1577 2326 Cui
1597 2297 1671 2325 rex

172 2341 427 2395 respondens
448 2341 519 2391 ait,
549 2345 572 2362 “
584 2340 641 2381 Et
661 2341 698 2382 si
717 2354 803 2382 non
822 2341 1098 2396 resignavem,
1110 2341 1206 2396 quis
1226 2341 1357 2384 michi
1377 2342 1670 2384 succederet?''

170 2398 232 2439 At
244 2398 317 2440 ille
332 2398 452 2454 regi¹⁹
467 2398 619 2453 inquit,
634 2402 657 2419 “
671 2398 717 2440 Si
732 2411 818 2439 non
833 2399 1120 2454 resignaveris,
1136 2399 1328 2441 diabolus
1343 2399 1423 2441 tibi
1442 2400 1672 2442 succedet.''

170 2456 262 2497 “Et
291 2460 387 2511 post
417 2456 643 2506 diabolum,
664 2456 759 2511 quis
776 2455 815 2497 2”
873 2456 935 2498 At
963 2456 1168 2498 heremita
1184 2456 1233 2498 :2⁰
1267 2462 1289 2479 “
1306 2457 1519 2499 Sanctus.''
1577 2462 1599 2479 “
1615 2458 1672 2499 Et

234 2615 246 2636 1
265 2616 302 2649 C.
321 2616 361 2649 E.
380 2615 488 2649 lawiz.
724 2614 739 2636 ²
756 2615 793 2649 B.
814 2615 851 2648 C.
871 2615 912 2648 D.
935 2615 973 2648 E.
994 2615 1114 2649 realm.
1257 2614 1271 2637 ³
1287 2615 1328 2649 D.
1350 2626 1466 2658 excep.

234 2661 248 2682 4
265 2663 300 2696 C.
320 2663 359 2696 E.
379 2663 607 2696 diffiniendus.
720 2661 735 2683 ⁵
751 2663 789 2696 C.
809 2662 848 2695 Ε.
868 2662 1074 2695 fautoribus.
1253 2661 1267 2683 ⁶
1283 2662 1320 2696 B.
1341 2667 1510 2705 arreptus.

233 2708 247 2731 ⁷
268 2710 304 2743 C.
326 2710 365 2743 E.
385 2710 479 2743 alias.
529 2711 571 2744 D.
590 2712 701 2743 antea.
1252 2708 1267 2731 ⁸
1284 2710 1320 2743 C.
1342 2710 1384 2742 D.
1403 2710 1442 2742 E.
1462 2709 1638 2753 Angliam.

233 2754 248 2776 ⁹
264 2757 301 2790 O.
319 2757 357 2790 Ε.
380 2756 549 2791 detectus,
714 2755 742 2777 ¹⁰
758 2756 794 2789 O.
813 2755 851 2789 E.
870 2755 1162 2800 Montegomorry.
1213 2756 1254 2790 D.
1274 2757 1513 2801 Mongomery.

220 2802 246 2823 ¹¹
264 2804 302 2836 C.
320 2803 358 2837 E.
377 2805 451 2837 add
465 2804 502 2837 in
518 2804 698 2837 humanas.
748 2804 792 2836 In
809 2803 848 2836 E.
866 2803 994 2836 altered
1009 2808 1042 2836 to
1059 2803 1095 2836 in
1113 2803 1282 2837 humanis.

220 2847 249 2870 ¹²
265 2851 306 2883 D.
326 2852 414 2883 adds
430 2853 465 2884 in
481 2853 617 2893 maryin
635 2852 719 2885 later
735 2851 807 2883 The
825 2849 933 2883 Black
950 2850 1082 2884 Prince.
1235 2849 1264 2872 ¹³
1279 2850 1352 2883 filia
1368 2851 1404 2883 in
1420 2851 1554 2891 maryin
1572 2850 1666 2882 later.

220 2895 249 2916 ¹⁴
266 2897 302 2929 C.
321 2897 360 2930 E.
379 2898 451 2931 add
467 2898 644 2941 requisita.
695 2898 733 2933 B.
752 2899 848 2932 omits
864 2900 908 2931 et.
1236 2896 1265 2919 ¹⁵
1280 2898 1318 2930 C.
1337 2898 1379 2930 D.
1400 2897 1438 2929 E.
1458 2896 1598 2938 juniori.

221 2941 249 2962 ¹⁰
267 2943 304 2976 B.
324 2944 361 2977 C.
380 2944 421 2978 D.
444 2945 483 2978 E.
501 2956 635 2989 magno.
780 2943 807 2966 ¹⁷
825 2944 862 2978 C.
882 2943 920 2977 E.
940 2944 1013 2977 add
1028 2943 1103 2977 sibi.
1239 2943 1266 2965 ¹⁸
1285 2944 1319 2977 C.
1339 2943 1378 2976 E.
1397 2943 1612 2976 allocaretur.

219 2988 247 3009 ¹⁹
264 2990 300 3022 C.
320 2990 359 3024 E.
378 2994 456 3025 omit
475 2993 556 3035 regi.
1234 2989 1262 3011 2⁰
1278 2991 1314 3023 C.
1335 2990 1371 3022 E.
1391 2990 1464 3022 aad
1480 2989 1658 3022 Succedet.

916 3048 941 3078 Y
