2008 3360
362 308 441 346 246
833 319 957 349 menn
976 306 1330 349 rmscARDENffls'.

357 424 401 462 et
419 421 601 476 populus
620 422 768 464 multis
793 422 884 476 jam
903 422 1026 464 annis
1057 421 1185 463 nimis
1213 421 1394 477 graviter
1419 425 1462 464 et
1487 421 1652 465 horride
1684 422 1850 477 pericli-

355 478 537 531 tabatur,
555 493 641 521 non
661 479 798 521 solum
817 479 864 520 in
882 479 1005 521 rebus
1026 479 1210 521 caducis1
1230 482 1273 521 et
1292 478 1585 534 corporalibus,
1604 479 1850 535 quinymmo

356 549 410 577 ex
425 537 571 579 eodem
583 537 750 579 defectu
763 537 1000 578 maximum
1015 537 1074 579 eis
1088 536 1345 579 immineret2
1360 537 1595 579 animarum
1606 537 1850 591 periculum,

356 597 399 635 et
418 594 497 636 hoc
516 595 613 649 plus
633 594 767 636 solito.
826 595 907 636 Pro
920 594 1039 636 firma
1059 595 1173 637 enim
1183 595 1362 637 veritate
1380 599 1573 637 tenemus
1593 594 1716 648 quod,
1735 609 1852 637 occa-

355 651 473 693 sione
500 651 712 706 praedictae
745 652 1023 707 suggestionis
1053 652 1170 694 falsae
1203 666 1251 694 ac
1281 652 1525 694 donacionis
1555 651 1655 694 inde
1689 655 1851 702 secutae,

354 708 452 762 plus
473 723 601 763 quam
630 710 939 765 quinquaginta
957 710 1093 751 millia
1121 710 1355 760 hominum,
1375 723 1400 752 a
1419 713 1607 764 tempore
1636 722 1720 763 quo
1743 709 1853 751 facta

357 769 421 807 est
450 780 585 821 usque
614 767 660 808 in
689 781 883 822 praesens,
905 767 957 810 de
985 766 1181 822 utraque3
1197 768 1385 818 nacione,
1404 771 1557 822 praeter
1578 770 1851 820 consumptos

355 823 466 866 fame
486 828 528 866 et
547 825 724 867 afflictos
748 825 922 867 carceris
953 824 1156 880 squalore,
1174 825 1223 867 in
1251 825 1390 880 gladio
1420 824 1690 866 ceciderunt.4
1748 824 1852 865 Haec

354 881 469 923 enim
489 895 624 936 pauca
644 882 695 925 de
714 883 1029 938 progenitorum
1048 886 1285 925 nostrorum
1305 882 1473 937 origine,
1494 886 1536 924 et
1555 881 1783 924 miserabili
1808 881 1855 922 in

355 952 439 993 quo
459 939 675 982 Romanus
695 940 888 995 pontifex
908 944 1023 983 statu
1042 954 1119 983 nos
1138 940 1292 995 posuit,
1312 938 1509 982 sufficiat⁵
1524 940 1607 981 ista
1618 939 1721 981 vice.
1780 938 1854 980 In-

355 1010 481 1051 super
509 998 663 1048 sciatis,
677 1002 797 1053 pater
826 998 1100 1049 sanctissime,
1121 998 1234 1053 quod
1253 998 1464 1040 Henricus
1493 1011 1567 1039 rex
1587 996 1765 1052 Angliae,
1786 996 1855 1038 cui

354 1054 609 1097 Hiberniam
637 1056 803 1111 ingredi
822 1056 946 1098 modo
976 1070 1060 1111 quo
1080 1056 1236 1098 dicitur
1261 1055 1344 1097 fuit
1372 1054 1600 1106 indultum,
1619 1068 1783 1096 necnon
1813 1057 1856 1095 et

354 1117 536 1166 quatuor
554 1127 670 1168 reges
690 1113 868 1169 Angliae‚
888 1126 1144 1156 successores
1165 1114 1267 1168 ejus,
1287 1117 1420 1155 metas
1450 1112 1754 1155 concessiones⁶
1773 1111 1855 1153 sibi

353 1170 477 1212 factae
505 1184 580 1225 per
608 1171 772 1213 bullam
800 1171 995 1227 papalem
1029 1171 1107 1212 sub
1137 1171 1261 1213 certis
1291 1170 1490 1221 articulis,
1520 1184 1572 1212 ex
1600 1170 1694 1225 ipsa
1727 1168 1855 1211 bullae

353 1227 460 1270 serie
486 1228 702 1271 evidenter
730 1232 914 1283 apparet,
934 1228 1183 1283 simpliciter
1211 1231 1312 1270 sunt
1331 1226 1588 1283 transgressi.
1648 1226 1731 1269 Sed
1759 1240 1855 1281 pro-

353 1285 472 1327 misit
500 1286 641 1328 dictus
671 1287 893 1336 Henricus,
922 1290 1048 1341 prout
1081 1286 1129 1327 in
1162 1285 1276 1327 dicta
1308 1285 1426 1327 bulla
1455 1285 1705 1335 continetur,
1740 1283 1855 1338 quod

353 1342 541 1385 ecclesiae
570 1343 789 1386 Hiberniae
817 1344 1019 1386 terminos
1049 1343 1255 1394 dilataret,
1290 1343 1465 1398 ejusque
1489 1343 1587 1397 jura
1615 1341 1780 1383 illibata
1811 1346 1855 1383 et

352 1400 517 1456 integra
537 1404 810 1452 conservaret,
832 1405 874 1444 et
893 1401 1099 1456 populum
1118 1401 1281 1456 legibus
1301 1400 1496 1443 subderet
1516 1413 1564 1441 ac
1583 1399 1705 1441 bonis
1728 1399 1854 1440 mori-

352 1458 433 1500 bus
464 1458 719 1509 informaret,
738 1459 917 1501 virtutes
945 1459 1158 1509 insereret,
1188 1462 1231 1500 et
1261 1458 1470 1513 plantaria
1494 1457 1701 1499 viciorum
1726 1456 1854 1498 extir-

352 1519 483 1570 paret,
514 1530 563 1558 ac
597 1516 650 1559 de
684 1516 863 1571 singulis
897 1516 1092 1558 domibus
1123 1516 1251 1558 unius
1286 1515 1447 1558 denarii
1481 1514 1702 1556 annuatim
1731 1513 1855 1555 beato

353 1574 479 1615 Petro
498 1574 688 1629 apostolo
708 1574 888 1616 solveret
916 1574 1174 1629 pensionem.
1235 1574 1359 1615 Hanc
1379 1572 1590 1627 siquidem
1615 1570 1856 1626 promissio—

353 1644 453 1673 nem
471 1636 561 1673 tam
580 1632 670 1687 ipse
690 1645 819 1686 quam
832 1631 1024 1686 praedicti
1039 1631 1106 1673 sui
1126 1629 1410 1680 successores,⁷
1425 1643 1653 1684 eorumque
1671 1628 1857 1670 ministri

352 1688 493 1743 iniqui
512 1692 554 1731 et
574 1689 746 1742 subditi,
762 1689 815 1731 de
827 1689 1035 1731 Hibernia
1045 1688 1216 1744 Anglici
1234 1689 1281 1730 in
1301 1688 1420 1730 nullo
1433 1690 1636 1737 tenentes,
1652 1690 1694 1729 et
1713 1700 1739 1728 a
1758 1699 1856 1728 con-

353 1746 554 1789 cessionis
586 1747 720 1789 forma
753 1747 924 1802 penitus
953 1746 1206 1797 recedentes,
1235 1746 1422 1788 studiose
1454 1748 1497 1787 et
1530 1758 1584 1787 ex
1615 1743 1857 1786 intencione

353 1803 506 1846 horum
535 1805 726 1846 omnium
754 1805 1067 1859 praemissorum
1095 1803 1343 1859 composita⁸
1371 1802 1511 1858 opere⁹
1529 1801 1854 1856 compleverunt.

353 1862 479 1912 Nam,
507 1862 655 1917 primo,
690 1862 876 1905 ecclesiae
905 1862 1136 1905 terminum
1168 1862 1215 1903 in
1244 1865 1414 1903 tantum
1444 1873 1519 1915 per
1552 1859 1722 1901 eosdem
1755 1861 1857 1901 sunt

352 1919 546 1970 restricti,
576 1920 783 1975 sincepati
814 1924 856 1962 et
890 1920 1140 1970 detmmcati,
1171 1919 1285 1974 quod
1318 1916 1568 1960 nonnullae¹⁰
1597 1916 1856 1958 cathedrales

354 1977 539 2019 ecclesiae
558 1977 773 2020 mediateu
788 1981 832 2020 et
845 1978 959 2019 ultra
977 1975 1226 2027 terrarum,12
1239 1976 1552 2031 possessionum
1572 1987 1755 2024 suarum,
1765 1973 1857 2015 vio-

353 2034 490 2077 lenter
509 2038 610 2077 sunt
629 2035 832 2090 spoliatae,
847 2035 964 2077 omni
982 2035 1068 2077 fere
1088 2034 1369 2077 ecclesiastica
1381 2033 1576 2075 libertate
1595 2045 1670 2087 per
1689 2030 1857 2073 eosdem

354 2092 528 2135 omnis1³
539 2093 688 2135 soluta.
730 2093 812 2135 Per
822 2094 1038 2135 ministros
1049 2091 1191 2147 regis¹4
1204 2092 1370 2147 Angliae
1383 2091 1430 2132 in
1442 2090 1649 2132 Hibernia
1660 2089 1857 2139 citantur,

355 2154 603 2202 arestantur,
623 2151 850 2206 capiuntur
872 2155 915 2194 et
943 2150 1255 2192 incarcerantur
1283 2149 1569 2190 indifferenter
1598 2146 1785 2202 episcopi
1813 2149 1856 2188 et

355 2208 521 2262 praelati
536 2224 547 2261 ;
577 2213 630 2259 et,
645 2223 744 2251 cum
761 2208 1007 2264 hujusmodi
1021 2208 1184 2250 crebras
1205 2211 1247 2249 et
1266 2220 1411 2262 graves
1427 2206 1654 2261 paciuntur
1667 2204 1855 2259 injurias,

355 2269 476 2307 tanto
506 2266 648 2309 servili
676 2267 827 2309 timore
856 2269 957 2309 sunt
976 2265 1175 2321 oppressi,
1194 2265 1308 2320 quod
1338 2278 1406 2307 eas
1436 2261 1686 2306 sanctitati1⁵
1705 2265 1854 2303 vestrae

356 2323 600 2366 nullatenus
620 2325 779 2367 audent
807 2324 1028 2366 intimare:
1060 2327 1103 2365 et
1122 2323 1223 2378 quia
1241 2322 1326 2378 ipsi
1353 2321 1542 2377 improbe
1561 2317 1793 2369 tacerent,¹⁶
1812 2320 1854 2359 et

357 2393 434 2422 nos
469 2382 664 2425 similiter
697 2386 834 2425 tacere
866 2380 1096 2424 volumus¹⁷
1124 2381 1171 2422 in
1203 2381 1283 2422 hac
1316 2383 1446 2435 parte.
1504 2379 1615 2420 Item
1647 2375 1852 2432 populum

358 2437 649 2491 Hibemicum,
669 2453 796 2495 quem
813 2439 935 2483 bonis
958 2439 1145 2481 moribus
1164 2438 1389 2480 informare
1417 2450 1466 2479 ac
1484 2436 1647 2491 legibus
1676 2432 1852 2475 subdere

420 2594 433 2616 ¹
450 2595 487 2629 G.
505 2596 632 2629 adutis.
1429 2592 1444 2614 ²
1461 2593 1496 2627 G.
1514 2592 1556 2626 D.
1571 2591 1611 2623 E.
1629 2589 1796 2622 imminet.

420 2640 436 2663 ³
451 2642 488 2675 O.
507 2642 546 2675 E.
565 2646 723 2685 utroque.
910 2641 925 2663 4
943 2644 979 2677 G.
997 2642 1205 2676 reciderunt.
1431 2639 1446 2661 5
1461 2639 1496 2673 O.
1515 2639 1554 2671 E.
1575 2636 1757 2670 sufficiant.

421 2687 436 2710 θ
452 2689 490 2721 Β.
509 2689 545 2722 G.
564 2689 604 2722 E.
623 2689 858 2722 concessionis.
907 2690 951 2723 D.
972 2690 1097 2723 altered
1103 2689 1203 2731 from
1219 2686 1455 2721 concessionis.
1682 2689 1685 2691 ’
1789 2729 1795 2735 .

421 2734 435 2757 ⁷
453 2735 515 2769 Sui
529 2736 685 2777 repeated
700 2737 735 2768 in
751 2737 885 2777 margin
898 2736 991 2769 later.
1433 2730 1447 2753 ⁸
1463 2732 1503 2765 B.
1522 2731 1562 2764 O.
1580 2731 1623 2763 D.
1643 2730 1682 2763 Ε.
1703 2731 1846 2772 opos1ta.

422 2781 437 2803 ⁹
452 2782 489 2816 G.
508 2793 655 2825 operem.
704 2782 744 2815 Ε.
762 2793 900 2825 operem
915 2783 1041 2824 altered
1056 2787 1088 2816 to
1105 2793 1217 2825 opere.
1417 2777 1445 2800 ¹⁰
1462 2778 1498 2812 C.
1516 2789 1588 2810 non
1604 2777 1708 2809 mille.

407 2828 435 2850 ¹¹
453 2829 489 2862 O.
507 2829 550 2862 D.
571 2830 610 2862 Ε.
629 2829 827 2862 medietate.
1227 2826 1256 2849 ¹²
1272 2827 1309 2862 C.
1328 2826 1415 2860 adds
1431 2828 1477 2858 et.
1526 2825 1566 2858 E.
1583 2826 1786 2856 caeterarum
1803 2826 1849 2856 et.

408 2874 437 2897 ¹³
453 2876 490 2909 O.
508 2876 547 2909 Ε.
565 2876 714 2909 omnino.
1422 2870 1450 2893 14
1466 2872 1502 2905 C.
1521 2871 1560 2904 E.
1579 2881 1686 2914 reges.

407 2921 437 2944 ¹⁵
454 2923 492 2957 E.
511 2923 707 2956 sanctitate.
757 2922 799 2956 D.
819 2923 945 2956 altered
951 2922 1050 2964 from
1066 2921 1263 2954 sanctitate.

408 2969 436 2991 ¹⁶
453 2970 490 3005 O.
511 2970 550 3004 Ε.
569 2972 697 3004 tacent.
745 2969 787 3006 D.
805 2970 932 3003 altered
938 2970 1037 3012 from
1053 2971 1192 3002 taceret.
1420 2964 1449 2987 ²⁷
1467 2965 1504 2998 O.
1523 2965 1562 2998 E.
1575 2964 1677 2997 silere
1692 2964 1848 2997 volimus.
