2008 3360
364 271 447 309 224
861 274 987 308 mmm
1007 263 1364 310 Phuscmnnxffls.

363 382 574 426 Gasconia
592 386 636 426 et
655 382 875 433 Hibernia,
895 384 939 424 et
959 381 1011 424 de
1031 379 1270 431 Sabandia}
1290 381 1412 436 cujus
1432 393 1569 423 comes
1587 379 1861 437 personaliter

361 440 522 508 ibidem
541 441 634 506 fuit,
654 454 703 482 ac
721 438 1109 505 princepsffiffliae,
1120 442 1210 504 tam
1228 452 1304 493 per
1321 451 1435 480 mare
1454 451 1583 493 quam
1600 452 1675 493 per
1692 443 1857 489 terram,

361 511 740 598 agriem&
756 495 1316 609 ἲὲἓὶὲἒωέἓέἓῑέζῗὲὲῗῗε
1334 495 1860 608 Ξίἓέὲῗθᾶὲἰιῖἷᾟίἒὲἓῖα

362 617 406 656 et
437 617 640 669 perpetuo
672 612 998 667 subjugandum,
1030 614 1105 653 aut
1139 611 1284 661 eciam,
1314 610 1464 653 incolis
1499 609 1649 653 deletis
1677 611 1860 661 omnino,

362 671 522 713 dictam
560 675 715 712 terram
747 673 914 712 vastam
944 669 1284 724 relinquendum.
1357 668 1442 719 Qui
1475 681 1574 710 vero
1610 681 1697 718 rex,
1726 670 1861 710 totam

361 728 545 783 patriam
574 727 906 783 perambulando
925 740 1001 782 per
1028 730 1194 769 montes
1215 729 1258 769 et
1285 725 1430 777 valles,
1449 739 1585 780 usque
1605 725 1660 767 ad
1688 725 1863 767 Lothin—

362 785 496 836 dorb,2
515 785 568 827 ab
588 786 785 828 omnibus
814 784 964 827 incolis
994 784 1212 827 fidelitatis
1232 787 1275 826 et
1294 783 1480 839 homagii
1503 784 1744 839 juramenta
1772 796 1862 824 sus-

363 843 537 898 cipiens,
570 842 619 885 in
651 842 820 898 propria
848 856 1027 898 persona
1054 846 1196 897 partes
1224 841 1404 884 boriales
1433 841 1487 883 ad
1517 854 1666 895 pacem
1693 839 1861 895 recepit.

364 901 449 952 Qui·
469 900 643 956 quidem
661 914 736 942 rex
765 900 812 942 in
830 900 946 942 villis
967 904 1011 942 et
1040 900 1187 942 castris
1218 913 1315 942 suos
1334 898 1550 941 ministros
1571 901 1614 940 et
1643 897 1862 940 officiarios

361 959 498 1014 regios
539 958 787 1010 constituit;
835 962 879 1001 et
914 957 1067 1000 exinde
1100 962 1256 1000 terram
1285 956 1491 999 circuiens
1520 959 1564 998 et
1591 955 1864 1011 perlustrans,

361 1019 453 1058 tota
471 1016 608 1071 patria
627 1016 682 1058 ad
711 1029 831 1058 suam
851 1015 1139 1058 obedienciam
1159 1018 1203 1057 et
1230 1028 1377 1070 pacem
1395 1014 1578 1065 reducta,
1598 1012 1712 1069 apud
1740 1013 1863 1054 Dun-

362 1074 548 1129 fermlyn
578 1073 863 1129 permanendo
898 1077 941 1116 et
969 1087 1131 1115 moram
1163 1072 1392 1115 hiemalem
1423 1070 1640 1122 trahendo,
1669 1069 1787 1112 nullo
1816 1070 1864 1111 in

360 1136 453 1174 tota
482 1131 630 1174 Scocia
657 1131 741 1174 sibi
768 1131 1122 1187 impedimentum
1150 1133 1376 1185 praestante
1409 1129 1499 1171 sive
1527 1129 1617 1171 vim
1645 1128 1864 1179 inferente,

363 1189 537 1244 pacifice
565 1189 775 1244 requievit
794 1203 928 1244 usque
948 1188 1001 1230 ad
1020 1189 1178 1230 festum
1207 1186 1522 1229 Purificacionis
1552 1186 1693 1228 Beatae
1713 1185 1862 1227 Mariae

364 1247 565 1302 Virginis.
625 1247 719 1298 Quo
749 1260 859 1289 anno
890 1246 1123 1288 Edwardus
1143 1245 1196 1287 de
1222 1242 1517 1295 Carnaveran,³
1535 1246 1639 1286 tunc
1667 1243 1863 1298 princeps

364 1305 529 1355 Valliae,
541 1304 656 1359 apud
668 1304 816 1346 villam
828 1304 881 1346 de
896 1303 1025 1346 Perth
1037 1317 1197 1345 moram
1208 1303 1357 1354 traxit3
1371 1302 1447 1344 ubi
1458 1315 1533 1357 per
1542 1304 1682 1343 totum
1694 1304 1862 1355 tempus

363 1362 615 1418 praedictum
629 1365 749 1404 tanta
761 1361 974 1404 fertilitas4
992 1360 1066 1417 [et]
1084 1359 1379 1402 habundancia
1393 1358 1644 1401 victualium
1658 1358 1705 1400 in
1718 1358 1863 1400 Scocia

364 1420 459 1471 fuit,
479 1420 595 1475 quod
613 1419 778 1476 lagena⁵
797 1420 918 1462 bonae
938 1418 1142 1461 cervisiae⁶
1159 1432 1235 1473 pro
1255 1417 1419 1459 duobus
1439 1417 1633 1467 denariis,
1650 1415 1744 1458 vini
1760 1414 1863 1457 boni

365 1492 441 1534 pro
461 1482 555 1520 octo
575 1477 770 1528 denariis,
784 1476 949 1532 lagena⁶
961 1490 1168 1518 mensurae
1188 1474 1447 1525 Scoticanae,⁷
1462 1473 1742 1516 communiter
1759 1486 1864 1514 ven-

366 1536 575 1578 derentur.
624 1535 786 1576 Eodem
800 1548 898 1577 vero
918 1547 1040 1585 anno,
1056 1536 1282 1589 postquam
1296 1536 1387 1574 tota
1406 1531 1687 1574 communitas
1708 1529 1864 1572 Scociae

366 1593 420 1635 ad
434 1607 582 1648 pacem
598 1592 705 1648 regis
725 1592 890 1647 Angliae
906 1595 970 1634 est
981 1595 1160 1647 recepta,
1175 1591 1205 1633 J
1207 1590 1394 1632 ohannes
1410 1589 1591 1644 Cumyn‚
1603 1593 1707 1631 tunc
1722 1591 1863 1630 custos

366 1651 566 1706 superior,
582 1653 625 1693 et
640 1663 785 1692 omnes
797 1653 1015 1705 magnates
1031 1649 1198 1699 Scociae,
1209 1651 1361 1703 praeter
1371 1646 1638 1689 Willelmum
1648 1644 1866 1696 Wallaoe,⁸

365 1708 552 1751 nobilem
568 1707 731 1758 ducem,
746 1721 844 1750 cum
857 1707 945 1749 suis
960 1707 1202 1749 faventibus
1215 1709 1258 1748 et
1272 1704 1532 1761 sequacibus,
1547 1718 1621 1747 rex
1637 1703 1865 1759 praedictus

366 1766 419 1808 ad
450 1780 571 1808 suam
599 1779 747 1821 pacem
766 1768 810 1807 et
829 1764 1118 1807 obedienciam
1146 1763 1354 1819 paulatim
1382 1762 1562 1813 reduxit,
1581 1761 1757 1804 redditis
1781 1760 1866 1802 sibi

365 1824 492 1874 villis,
514 1824 661 1866 castris
690 1837 739 1865 ac
768 1823 978 1865 universis
998 1822 1229 1871 fortaliciis,
1249 1825 1400 1876 praeter
1419 1823 1604 1862 castrum
1624 1819 1676 1861 de
1707 1817 1865 1860 Strive-

364 1882 470 1937 lyng
482 1895 579 1924 cum
595 1881 785 1937 ejusdem
797 1880 1054 1923 custodibus.
1094 1879 1255 1921 Timuit
1267 1878 1381 1920 enim
1392 1877 1664 1920 vehementer
1674 1875 1865 1917 fraudem

365 1953 538 1982 suorum
572 1939 944 1993 compatriotarum
965 1937 1204 1993 'praedictus
1237 1935 1392 1978 nobilis
1420 1934 1663 1977 Willelmus
1692 1932 1866 1983 Wallas,

365 2010 547 2052 quorum
576 1996 762 2051 quidam,
781 2000 952 2051 propter
971 1996 1062 2050 ejus
1090 1994 1355 2049 probitatem,
1374 1992 1648 2044 invidebant3
1677 1990 1752 2033 alii
1770 2003 1867 2045 pro-

365 2055 507 2097 missis
525 2053 777 2110 Anglorum⁹
797 2053 985 2104 allecti‚²⁰
1005 2052 1238 2107 cupiditate
1266 2050 1471 2101 lucrandi,
1491 2049 1566 2092 alii
1585 2049 1668 2092 sibi
1693 2061 1865 2104 persua-

366 2113 515 2156 dentes
546 2112 676 2154 dubia
705 2111 852 2162 multa,
880 2110 935 2153 ad
967 2124 1115 2166 pacem
1147 2109 1257 2165 regis
1290 2108 1456 2164 Angliae
1483 2107 1722 2163 pertrahere
1756 2106 1865 2148 nite-

365 2171 533 2221 bantur,
549 2183 625 2225 pro
644 2169 795 2225 parte¹¹
810 2168 918 2224 regis
938 2167 1106 2223 Angliae
1127 2167 1210 2210 sibi
1224 2166 1362 2208 multa
1380 2165 1688 2221 promittentes,
1702 2176 1865 2219 posses-

327 2260 330 2263 ·
365 2228 505 2271 siones
535 2228 668 2270 eciam
687 2231 730 2269 et
758 2230 888 2269 terras
918 2225 1091 2281 amplas,
1110 2229 1200 2267 tam
1227 2225 1275 2266 in
1293 2223 1449 2279 Anglia
1477 2236 1605 2278 quam
1633 2222 1681 2264 in
1710 2221 1865 2270 Scocia,

367 2286 421 2328 ad
439 2286 613 2328 libitum
628 2298 716 2327 suae
727 2284 961 2327 voluntatis
981 2281 1248 2339 elegendas.¹2
1306 2282 1471 2333 Quibus
1492 2280 1686 2322 omnibus
1702 2277 1865 2334 spretis,

366 2348 572 2399 tanquam
605 2356 733 2385 verax
765 2342 927 2384 athleta
957 2344 1001 2384 et
1038 2339 1284 2383 inflexibilis
1322 2342 1607 2394 propugnator
1638 2336 1756 2392 regni
1788 2347 1864 2390 pro

365 2401 561 2443 libertate
590 2414 678 2443 suae
697 2400 847 2455 gentis,
867 2400 928 2442 sic
958 2397 1340 2453 eum'respondisse
1360 2396 1597 2439 dicentibus
1626 2394 1711 2437 sibi
1738 2395 1866 2435 attes-

367 2462 507 2501 tatur:
537 2463 559 2480 “
576 2459 611 2500 O
633 2458 786 2500 infelix
812 2461 855 2499 et
884 2457 1071 2500 desolata
1091 2455 1247 2506 Scocia,
1266 2454 1406 2497 verbis
1435 2453 1655 2495 fallacibus
1683 2450 1865 2492 nimium

368 2515 549 2565 credula,
565 2515 818 2557 calamitatis
834 2518 919 2557 tuae
938 2515 1093 2556 futurae
1113 2513 1308 2556 debiliter
1327 2515 1370 2554 et
1388 2510 1620 2554 miserrime
1638 2508 1865 2563 inprovisa,

369 2572 407 2615 si
441 2572 618 2615 sentires
647 2572 845 2614 metum¹3
874 2572 988 2627 quod
1022 2571 1175 2622 sencio,
1205 2570 1362 2612 collum
1389 2572 1514 2610 tuum
1549 2567 1600 2609 de
1629 2565 1745 2608 facili
1778 2579 1866 2607 non

362 2627 544 2686 'poneres
583 2629 802 2672 servitutis
841 2630 922 2672 sub
955 2630 1058 2684 jugo
1097 2628 1246 2678 alieno,
1282 2631 1325 2670 et
1364 2626 1580 2681 signanter
1616 2622 1865 2665 hostilitatis

431 2739 444 2761 1
461 2740 500 2773 B.
518 2739 554 2773 C.
574 2739 614 2772 E.
634 2738 817 2771 Sabandia.
960 2736 974 2758 2
990 2738 1029 2770 E.
1049 2736 1276 2770 Lochindorb.
1450 2732 1465 2755 ³
1481 2734 1517 2767 O.
1535 2733 1573 2766 E.
1592 2732 1800 2766 Car-navem.

431 2785 445 2808 4
461 2785 639 2819 Fertilitas
654 2785 849 2818 substituced
865 2784 901 2817 in
918 2786 1053 2825 maryin
1068 2785 1103 2816 in
1118 2794 1210 2816 same
1225 2783 1320 2816 hand
1326 2782 1392 2824 sor
1408 2779 1603 2814 sterilitatis
1618 2780 1734 2812 secred
1750 2782 1816 2812 out.

431 2833 446 2855 ⁵
463 2833 499 2867 O.
518 2833 559 2866 D.
578 2832 618 2865 E.
635 2831 760 2875 lagina.
910 2829 925 2852 ⁶
942 2831 978 2864 O.
998 2831 1038 2864 D.
1058 2830 1098 2864 Ε.
1115 2829 1277 2862 serviciae.
1389 2826 1403 2850 7
1420 2828 1458 2861 Β.
1481 2827 1617 2860 Scociae.

430 2879 444 2901 ⁸
461 2880 500 2913 B.
518 2879 560 2912 D.
578 2878 723 2912 Wallas.
910 2875 925 2898 ⁹
941 2877 980 2910 B.
1000 2876 1236 2920 Anglicorum.
1375 2872 1404 2896 ¹⁰
1421 2874 1457 2908 O.
1479 2873 1592 2907 alleta.
1641 2872 1682 2906 E.
1703 2871 1836 2907 allecta.

416 2926 443 2949 ¹¹
461 2927 499 2961 O.
517 2926 605 2960 adds
620 2925 717 2959 dicti.
898 2922 927 2945 ¹²
942 2923 978 2958 O.
998 2923 1040 2958 D.
1059 2923 1131 2957 add
1147 2925 1213 2957 etc.
1377 2920 1406 2942 ¹³
1422 2921 1459 2955 O.
1478 2921 1522 2955 D.
1543 2921 1581 2954 E.
1601 2930 1746 2953 mecum.
