<?xml version="1.0" encoding="UTF-8"?>
<!DOCTYPE html PUBLIC "-//W3C//DTD XHTML 1.0 Transitional//EN"
    "http://www.w3.org/TR/xhtml1/DTD/xhtml1-transitional.dtd">
<html xmlns="http://www.w3.org/1999/xhtml" xml:lang="en" lang="en">
 <head>
  <title>
</title>
<meta http-equiv="Content-Type" content="text/html;charset=utf-8" />
  <meta name='ocr-system' content='tesseract 3.04.00' />
  <meta name='ocr-capabilities' content='ocr_page ocr_carea ocr_par ocr_line ocrx_word'/>
</head>
<body>
  <div class='ocr_page' id='page_1' title='image "./liberpluscardens07plusuoft/liberpluscardens07plusuoft_0290.png"; bbox 0 0 2008 3360; ppageno 0'>
   <div class='ocr_carea' id='block_1_1' title="bbox 356 298 1359 339">
    <p class='ocr_par' dir='ltr' id='par_1_1' title="bbox 356 298 1359 339">
     <span class='ocr_line' id='line_1_1' title="bbox 356 298 1359 339; baseline 0.003 -3"><span class='ocrx_word' id='word_1_1' title='bbox 356 298 438 336; x_wconf 83' lang='lat'>238</span> <span class='ocrx_word' id='word_1_2' title='bbox 854 306 980 338; x_wconf 71' lang='lat' dir='ltr'>maun</span> <span class='ocrx_word' id='word_1_3' title='bbox 1001 306 1359 339; x_wconf 78' lang='lat' dir='ltr'>PLUSOARDENSIS.</span> 
     </span>
    </p>
   </div>
   <div class='ocr_carea' id='block_1_2' title="bbox 322 409 1865 2718">
    <p class='ocr_par' dir='ltr' id='par_1_2' title="bbox 322 409 1865 2718">
     <span class='ocr_line' id='line_1_2' title="bbox 353 409 1858 466; baseline 0.003 -14"><span class='ocrx_word' id='word_1_4' title='bbox 353 410 525 462; x_wconf 86' lang='lat' dir='ltr'>faciens,</span> <span class='ocrx_word' id='word_1_5' title='bbox 545 424 593 453; x_wconf 91' lang='lat' dir='ltr'>ac</span> <span class='ocrx_word' id='word_1_6' title='bbox 618 410 793 454; x_wconf 87' lang='lat' dir='ltr'>beatum</span> <span class='ocrx_word' id='word_1_7' title='bbox 812 409 1031 452; x_wconf 88' lang='lat' dir='ltr'>Andream</span> <span class='ocrx_word' id='word_1_8' title='bbox 1058 411 1298 466; x_wconf 89' lang='lat' dir='ltr'>apostolum</span> <span class='ocrx_word' id='word_1_9' title='bbox 1327 414 1371 454; x_wconf 91' lang='lat' dir='ltr'>et</span> <span class='ocrx_word' id='word_1_10' title='bbox 1400 414 1596 455; x_wconf 89' lang='lat' dir='ltr'>sanctum</span> <span class='ocrx_word' id='word_1_11' title='bbox 1614 414 1644 457; x_wconf 86' lang='lat' dir='ltr'><strong>J</strong></span> <span class='ocrx_word' id='word_1_12' title='bbox 1646 413 1858 457; x_wconf 89' lang='lat' dir='ltr'>ohannem</span> 
     </span>
     <span class='ocr_line' id='line_1_3' title="bbox 354 468 1857 525; baseline 0.003 -15"><span class='ocrx_word' id='word_1_13' title='bbox 354 469 595 524; x_wconf 86' lang='lat' dir='ltr'>Baptistam</span> <span class='ocrx_word' id='word_1_14' title='bbox 615 468 661 510; x_wconf 92' lang='lat' dir='ltr'>in</span> <span class='ocrx_word' id='word_1_15' title='bbox 674 469 764 523; x_wconf 87' lang='lat' dir='ltr'>ejus</span> <span class='ocrx_word' id='word_1_16' title='bbox 785 468 997 510; x_wconf 80' lang='lat' dir='ltr'>auxilium</span> <span class='ocrx_word' id='word_1_17' title='bbox 1012 468 1068 510; x_wconf 90' lang='lat' dir='ltr'>ad</span> <span class='ocrx_word' id='word_1_18' title='bbox 1085 468 1371 511; x_wconf 80' lang='lat' dir='ltr'>miserabilem</span> <span class='ocrx_word' id='word_1_19' title='bbox 1389 470 1597 525; x_wconf 89' lang='lat' dir='ltr'>populum</span> <span class='ocrx_word' id='word_1_20' title='bbox 1616 471 1788 515; x_wconf 84' lang='lat' dir='ltr'>Scociae¹</span> <span class='ocrx_word' id='word_1_21' title='bbox 1805 473 1857 515; x_wconf 87' lang='lat' dir='ltr'>de</span> 
     </span>
     <span class='ocr_line' id='line_1_4' title="bbox 355 525 1857 586; baseline 0.003 -18"><span class='ocrx_word' id='word_1_22' title='bbox 355 526 559 569; x_wconf 88' lang='lat' dir='ltr'>servitute</span> <span class='ocrx_word' id='word_1_23' title='bbox 578 525 771 568; x_wconf 85' lang='lat' dir='ltr'>indebita</span> <span class='ocrx_word' id='word_1_24' title='bbox 788 526 1057 568; x_wconf 90' lang='lat' dir='ltr'>liberandum</span> <span class='ocrx_word' id='word_1_25' title='bbox 1076 526 1311 581; x_wconf 84' lang='lat' dir='ltr'>postulans,</span> <span class='ocrx_word' id='word_1_26' title='bbox 1330 540 1429 569; x_wconf 89' lang='lat' dir='ltr'>cum</span> <span class='ocrx_word' id='word_1_27' title='bbox 1448 527 1562 571; x_wconf 90' lang='lat' dir='ltr'>dicto</span> <span class='ocrx_word' id='word_1_28' title='bbox 1581 542 1677 585; x_wconf 88' lang='lat' dir='ltr'>rege</span> <span class='ocrx_word' id='word_1_29' title='bbox 1688 530 1857 586; x_wconf 82' lang='lat' dir='ltr'>Angliae</span> 
     </span>
     <span class='ocr_line' id='line_1_5' title="bbox 354 583 1859 642; baseline 0.003 -16"><span class='ocrx_word' id='word_1_30' title='bbox 354 584 531 626; x_wconf 79' lang='lat' dir='ltr'>mortale</span> <span class='ocrx_word' id='word_1_31' title='bbox 561 583 776 625; x_wconf 90' lang='lat' dir='ltr'>commisit</span> <span class='ocrx_word' id='word_1_32' title='bbox 803 583 976 635; x_wconf 91' lang='lat' dir='ltr'>bellum,</span> <span class='ocrx_word' id='word_1_33' title='bbox 997 597 1045 627; x_wconf 84' lang='lat' dir='ltr'>ac</span> <span class='ocrx_word' id='word_1_34' title='bbox 1074 584 1219 639; x_wconf 89' lang='lat' dir='ltr'>ipsum</span> <span class='ocrx_word' id='word_1_35' title='bbox 1247 598 1346 627; x_wconf 92' lang='lat' dir='ltr'>cum</span> <span class='ocrx_word' id='word_1_36' title='bbox 1377 585 1495 627; x_wconf 92' lang='lat' dir='ltr'>omni</span> <span class='ocrx_word' id='word_1_37' title='bbox 1523 599 1678 642; x_wconf 86' lang='lat' dir='ltr'>pompa</span> <span class='ocrx_word' id='word_1_38' title='bbox 1710 601 1786 630; x_wconf 88' lang='lat' dir='ltr'>sua</span> <span class='ocrx_word' id='word_1_39' title='bbox 1814 593 1859 631; x_wconf 89' lang='lat' dir='ltr'>et</span> 
     </span>
     <span class='ocr_line' id='line_1_6' title="bbox 353 641 1855 698; baseline 0.003 -15"><span class='ocrx_word' id='word_1_40' title='bbox 353 641 657 683; x_wconf 82' lang='lat' dir='ltr'>innumerabili</span> <span class='ocrx_word' id='word_1_41' title='bbox 676 641 884 696; x_wconf 89' lang='lat' dir='ltr'>potencia,</span> <span class='ocrx_word' id='word_1_42' title='bbox 903 642 1140 684; x_wconf 80' lang='lat' dir='ltr'>auxiliante</span> <span class='ocrx_word' id='word_1_43' title='bbox 1158 642 1396 693; x_wconf 87' lang='lat' dir='ltr'>Altissimo‚</span> <span class='ocrx_word' id='word_1_44' title='bbox 1415 643 1538 698; x_wconf 88' lang='lat' dir='ltr'>cujus</span> <span class='ocrx_word' id='word_1_45' title='bbox 1558 648 1624 686; x_wconf 90' lang='lat' dir='ltr'>est</span> <span class='ocrx_word' id='word_1_46' title='bbox 1636 644 1855 688; x_wconf 83' lang='lat' dir='ltr'>victoriam</span> 
     </span>
     <span class='ocr_line' id='line_1_7' title="bbox 355 699 1858 757; baseline 0.003 -17"><span class='ocrx_word' id='word_1_47' title='bbox 355 699 466 749; x_wconf 89' lang='lat' dir='ltr'>dare,</span> <span class='ocrx_word' id='word_1_48' title='bbox 486 703 530 741; x_wconf 89' lang='lat' dir='ltr'>et</span> <span class='ocrx_word' id='word_1_49' title='bbox 548 699 595 741; x_wconf 89' lang='lat' dir='ltr'>in</span> <span class='ocrx_word' id='word_1_50' title='bbox 616 700 738 754; x_wconf 87' lang='lat' dir='ltr'>cujus</span> <span class='ocrx_word' id='word_1_51' title='bbox 764 713 897 741; x_wconf 91' lang='lat' dir='ltr'>manu</span> <span class='ocrx_word' id='word_1_52' title='bbox 923 703 1026 742; x_wconf 89' lang='lat' dir='ltr'>sunt</span> <span class='ocrx_word' id='word_1_53' title='bbox 1050 713 1198 743; x_wconf 88' lang='lat' dir='ltr'>omnes</span> <span class='ocrx_word' id='word_1_54' title='bbox 1224 701 1329 743; x_wconf 89' lang='lat' dir='ltr'>fines</span> <span class='ocrx_word' id='word_1_55' title='bbox 1358 704 1491 751; x_wconf 75' lang='lat' dir='ltr'>terrae,</span> <span class='ocrx_word' id='word_1_56' title='bbox 1510 702 1558 743; x_wconf 90' lang='lat' dir='ltr'>in</span> <span class='ocrx_word' id='word_1_57' title='bbox 1587 701 1732 757; x_wconf 87' lang='lat' dir='ltr'>fugam</span> <span class='ocrx_word' id='word_1_58' title='bbox 1760 717 1858 746; x_wconf 90' lang='lat' dir='ltr'>con-</span> 
     </span>
     <span class='ocr_line' id='line_1_8' title="bbox 354 757 1859 815; baseline 0.003 -17"><span class='ocrx_word' id='word_1_59' title='bbox 354 757 494 799; x_wconf 87' lang='lat' dir='ltr'>vertit.</span> <span class='ocrx_word' id='word_1_60' title='bbox 556 757 646 799; x_wconf 89' lang='lat' dir='ltr'>Ubi</span> <span class='ocrx_word' id='word_1_61' title='bbox 675 770 815 800; x_wconf 89' lang='lat' dir='ltr'>comes</span> <span class='ocrx_word' id='word_1_62' title='bbox 846 757 1086 801; x_wconf 86' lang='lat' dir='ltr'>Gloverniae</span> <span class='ocrx_word' id='word_1_63' title='bbox 1116 758 1176 800; x_wconf 85' lang='lat' dir='ltr'>et²</span> <span class='ocrx_word' id='word_1_64' title='bbox 1203 758 1333 801; x_wconf 89' lang='lat' dir='ltr'>multi</span> <span class='ocrx_word' id='word_1_65' title='bbox 1361 759 1525 802; x_wconf 89' lang='lat' dir='ltr'>nobiles</span> <span class='ocrx_word' id='word_1_66' title='bbox 1554 758 1724 815; x_wconf 84' lang='lat' dir='ltr'>Angliae</span> <span class='ocrx_word' id='word_1_67' title='bbox 1753 762 1859 803; x_wconf 89' lang='grc'>0001-</span> 
     </span>
     <span class='ocr_line' id='line_1_9' title="bbox 356 814 1861 871; baseline 0.003 -15"><span class='ocrx_word' id='word_1_68' title='bbox 356 814 511 857; x_wconf 85' lang='lat' dir='ltr'>derunt</span> <span class='ocrx_word' id='word_1_69' title='bbox 549 815 788 867; x_wconf 88' lang='lat' dir='ltr'>interfecti;</span> <span class='ocrx_word' id='word_1_70' title='bbox 845 815 921 857; x_wconf 91' lang='lat' dir='ltr'>alii</span> <span class='ocrx_word' id='word_1_71' title='bbox 968 816 1016 858; x_wconf 88' lang='lat' dir='ltr'>in</span> <span class='ocrx_word' id='word_1_72' title='bbox 1054 816 1188 859; x_wconf 89' lang='lat' dir='ltr'>foveis</span> <span class='ocrx_word' id='word_1_73' title='bbox 1227 830 1334 871; x_wconf 88' lang='lat' dir='ltr'>quas</span> <span class='ocrx_word' id='word_1_74' title='bbox 1373 816 1565 859; x_wconf 81' lang='lat' dir='ltr'>fecerunt</span> <span class='ocrx_word' id='word_1_75' title='bbox 1604 818 1722 860; x_wconf 87' lang='lat' dir='ltr'>Scoti</span> <span class='ocrx_word' id='word_1_76' title='bbox 1760 822 1861 860; x_wconf 85' lang='lat' dir='ltr'>sunt</span> 
     </span>
     <span class='ocr_line' id='line_1_10' title="bbox 354 872 1863 931; baseline 0.003 -17"><span class='ocrx_word' id='word_1_77' title='bbox 354 872 582 925; x_wconf 85' lang='lat' dir='ltr'>trucidati3</span> <span class='ocrx_word' id='word_1_78' title='bbox 626 873 702 915; x_wconf 86' lang='lat' dir='ltr'>alii</span> <span class='ocrx_word' id='word_1_79' title='bbox 733 873 879 924; x_wconf 90' lang='lat' dir='ltr'>eciam,</span> <span class='ocrx_word' id='word_1_80' title='bbox 912 873 960 915; x_wconf 92' lang='lat' dir='ltr'>in</span> <span class='ocrx_word' id='word_1_81' title='bbox 994 887 1105 929; x_wconf 87' lang='lat' dir='ltr'>aqua</span> <span class='ocrx_word' id='word_1_82' title='bbox 1133 874 1186 916; x_wconf 93' lang='lat' dir='ltr'>de</span> <span class='ocrx_word' id='word_1_83' title='bbox 1216 874 1349 916; x_wconf 90' lang='lat' dir='ltr'>Forth</span> <span class='ocrx_word' id='word_1_84' title='bbox 1379 888 1424 917; x_wconf 92' lang='lat' dir='ltr'>se</span> <span class='ocrx_word' id='word_1_85' title='bbox 1455 875 1617 918; x_wconf 86' lang='lat' dir='ltr'>salvare</span> <span class='ocrx_word' id='word_1_86' title='bbox 1651 878 1863 931; x_wconf 84' lang='lat' dir='ltr'>putantes,</span> 
     </span>
     <span class='ocr_line' id='line_1_11' title="bbox 356 930 1863 989; baseline 0.001 -16"><span class='ocrx_word' id='word_1_87' title='bbox 356 935 458 973; x_wconf 87' lang='lat' dir='ltr'>sunt</span> <span class='ocrx_word' id='word_1_88' title='bbox 478 930 689 973; x_wconf 81' lang='lat' dir='ltr'>submersi</span> <span class='ocrx_word' id='word_1_89' title='bbox 701 946 712 983; x_wconf 95' lang='lat'>;</span> <span class='ocrx_word' id='word_1_90' title='bbox 741 931 816 973; x_wconf 87' lang='lat' dir='ltr'>alii</span> <span class='ocrx_word' id='word_1_91' title='bbox 835 945 923 987; x_wconf 87' lang='lat' dir='ltr'>prae</span> <span class='ocrx_word' id='word_1_92' title='bbox 941 932 1234 975; x_wconf 76' lang='lat' dir='ltr'>multitudinis</span> <span class='ocrx_word' id='word_1_93' title='bbox 1255 933 1503 975; x_wconf 88' lang='lat' dir='ltr'>confusione</span> <span class='ocrx_word' id='word_1_94' title='bbox 1529 933 1730 989; x_wconf 87' lang='lat' dir='ltr'>fugiendo</span> <span class='ocrx_word' id='word_1_95' title='bbox 1761 940 1863 976; x_wconf 88' lang='lat' dir='ltr'>sunt</span> 
     </span>
     <span class='ocr_line' id='line_1_12' title="bbox 356 988 1864 1047; baseline 0.003 -17"><span class='ocrx_word' id='word_1_96' title='bbox 356 988 549 1039; x_wconf 78' lang='lat' dir='ltr'>extincti,</span> <span class='ocrx_word' id='word_1_97' title='bbox 583 989 658 1031; x_wconf 86' lang='lat' dir='ltr'>alii</span> <span class='ocrx_word' id='word_1_98' title='bbox 690 988 839 1044; x_wconf 87' lang='lat' dir='ltr'>fugati,</span> <span class='ocrx_word' id='word_1_99' title='bbox 873 989 948 1032; x_wconf 85' lang='lat' dir='ltr'>alii</span> <span class='ocrx_word' id='word_1_100' title='bbox 981 990 1107 1045; x_wconf 86' lang='lat' dir='ltr'>capti,</span> <span class='ocrx_word' id='word_1_101' title='bbox 1142 990 1217 1032; x_wconf 90' lang='lat' dir='ltr'>alii</span> <span class='ocrx_word' id='word_1_102' title='bbox 1251 990 1392 1041; x_wconf 87' lang='lat' dir='ltr'>occisi,</span> <span class='ocrx_word' id='word_1_103' title='bbox 1424 990 1602 1033; x_wconf 88' lang='lat' dir='ltr'>diversis</span> <span class='ocrx_word' id='word_1_104' title='bbox 1639 991 1864 1047; x_wconf 86' lang='lat' dir='ltr'>generibus</span> 
     </span>
     <span class='ocr_line' id='line_1_13' title="bbox 355 1046 1862 1105; baseline 0.002 -17"><span class='ocrx_word' id='word_1_105' title='bbox 355 1046 506 1089; x_wconf 88' lang='lat' dir='ltr'>mortis</span> <span class='ocrx_word' id='word_1_106' title='bbox 526 1047 822 1102; x_wconf 80' lang='lat' dir='ltr'>praeoccupati,</span> <span class='ocrx_word' id='word_1_107' title='bbox 842 1048 1086 1103; x_wconf 80' lang='lat' dir='ltr'>consumpti</span> <span class='ocrx_word' id='word_1_108' title='bbox 1101 1051 1203 1091; x_wconf 89' lang='lat' dir='ltr'>sunt</span> <span class='ocrx_word' id='word_1_109' title='bbox 1229 1048 1320 1091; x_wconf 88' lang='lat' dir='ltr'>sine</span> <span class='ocrx_word' id='word_1_110' title='bbox 1350 1062 1526 1091; x_wconf 89' lang='lat' dir='ltr'>numero</span> <span class='ocrx_word' id='word_1_111' title='bbox 1554 1049 1601 1090; x_wconf 92' lang='lat' dir='ltr'>in</span> <span class='ocrx_word' id='word_1_112' title='bbox 1631 1062 1701 1091; x_wconf 90' lang='lat' dir='ltr'>ore</span> <span class='ocrx_word' id='word_1_113' title='bbox 1719 1049 1862 1105; x_wconf 86' lang='lat' dir='ltr'>gladii.</span> 
     </span>
     <span class='ocr_line' id='line_1_14' title="bbox 357 1105 1865 1162; baseline 0.002 -15"><span class='ocrx_word' id='word_1_114' title='bbox 357 1105 509 1147; x_wconf 87' lang='lat' dir='ltr'>Comes</span> <span class='ocrx_word' id='word_1_115' title='bbox 541 1105 675 1147; x_wconf 86' lang='lat' dir='ltr'>eciam</span> <span class='ocrx_word' id='word_1_116' title='bbox 710 1105 957 1148; x_wconf 85' lang='lat' dir='ltr'>Glocestriae</span> <span class='ocrx_word' id='word_1_117' title='bbox 987 1105 1147 1148; x_wconf 90' lang='lat' dir='ltr'>ibidem</span> <span class='ocrx_word' id='word_1_118' title='bbox 1178 1106 1342 1148; x_wconf 90' lang='lat' dir='ltr'>cecidit.</span> <span class='ocrx_word' id='word_1_119' title='bbox 1401 1106 1482 1148; x_wconf 92' lang='lat' dir='ltr'>Per</span> <span class='ocrx_word' id='word_1_120' title='bbox 1513 1107 1705 1162; x_wconf 85' lang='lat' dir='ltr'>captivos</span> <span class='ocrx_word' id='word_1_121' title='bbox 1737 1107 1865 1158; x_wconf 89' lang='lat' dir='ltr'>enim,</span> 
     </span>
     <span class='ocr_line' id='line_1_15' title="bbox 355 1162 1863 1219; baseline 0.002 -15"><span class='ocrx_word' id='word_1_122' title='bbox 355 1176 443 1204; x_wconf 94' lang='lat' dir='ltr'>non</span> <span class='ocrx_word' id='word_1_123' title='bbox 472 1162 612 1205; x_wconf 91' lang='lat' dir='ltr'>solum</span> <span class='ocrx_word' id='word_1_124' title='bbox 640 1163 785 1219; x_wconf 89' lang='lat' dir='ltr'>regina</span> <span class='ocrx_word' id='word_1_125' title='bbox 815 1163 971 1205; x_wconf 82' lang='lat' dir='ltr'>Scociae</span> <span class='ocrx_word' id='word_1_126' title='bbox 996 1177 1093 1205; x_wconf 89' lang='lat' dir='ltr'>cum</span> <span class='ocrx_word' id='word_1_127' title='bbox 1125 1163 1214 1206; x_wconf 90' lang='lat' dir='ltr'>suis</span> <span class='ocrx_word' id='word_1_128' title='bbox 1242 1163 1428 1206; x_wconf 84' lang='lat' dir='ltr'>liberati⁸</span> <span class='ocrx_word' id='word_1_129' title='bbox 1448 1168 1550 1206; x_wconf 87' lang='lat' dir='ltr'>sunt</span> <span class='ocrx_word' id='word_1_130' title='bbox 1578 1164 1756 1207; x_wconf 86' lang='lat' dir='ltr'>dimissa</span> <span class='ocrx_word' id='word_1_131' title='bbox 1786 1169 1863 1215; x_wconf 89' lang='lat' dir='ltr'>est,</span> 
     </span>
     <span class='ocr_line' id='line_1_16' title="bbox 354 1220 1862 1277; baseline 0.001 -15"><span class='ocrx_word' id='word_1_132' title='bbox 354 1234 501 1276; x_wconf 86' lang='lat' dir='ltr'>ymmo</span> <span class='ocrx_word' id='word_1_133' title='bbox 540 1220 676 1263; x_wconf 86' lang='lat' dir='ltr'>eciam</span> <span class='ocrx_word' id='word_1_134' title='bbox 714 1234 861 1263; x_wconf 89' lang='lat' dir='ltr'>omnes</span> <span class='ocrx_word' id='word_1_135' title='bbox 900 1220 975 1262; x_wconf 87' lang='lat' dir='ltr'>alii</span> <span class='ocrx_word' id='word_1_136' title='bbox 1014 1221 1131 1263; x_wconf 86' lang='lat' dir='ltr'>Scoti</span> <span class='ocrx_word' id='word_1_137' title='bbox 1168 1221 1216 1262; x_wconf 89' lang='lat' dir='ltr'>in</span> <span class='ocrx_word' id='word_1_138' title='bbox 1255 1221 1491 1263; x_wconf 83' lang='lat' dir='ltr'>carceribus</span> <span class='ocrx_word' id='word_1_139' title='bbox 1530 1221 1726 1277; x_wconf 88' lang='lat' dir='ltr'>deputati</span> <span class='ocrx_word' id='word_1_140' title='bbox 1770 1223 1862 1265; x_wconf 88' lang='lat' dir='ltr'>sine</span> 
     </span>
     <span class='ocr_line' id='line_1_17' title="bbox 354 1278 1863 1333; baseline 0.001 -13"><span class='ocrx_word' id='word_1_141' title='bbox 354 1278 650 1333; x_wconf 86' lang='lat' dir='ltr'>redempcione</span> <span class='ocrx_word' id='word_1_142' title='bbox 679 1278 848 1320; x_wconf 86' lang='lat' dir='ltr'>liberati</span> <span class='ocrx_word' id='word_1_143' title='bbox 878 1282 1004 1331; x_wconf 81' lang='lat' dir='ltr'>sunt3</span> <span class='ocrx_word' id='word_1_144' title='bbox 1047 1292 1096 1321; x_wconf 90' lang='lat' dir='ltr'>ac</span> <span class='ocrx_word' id='word_1_145' title='bbox 1116 1279 1251 1321; x_wconf 86' lang='lat' dir='ltr'>eciam</span> <span class='ocrx_word' id='word_1_146' title='bbox 1280 1292 1426 1321; x_wconf 90' lang='lat' dir='ltr'>omnes</span> <span class='ocrx_word' id='word_1_147' title='bbox 1455 1279 1530 1322; x_wconf 79' lang='lat' dir='ltr'>alii</span> <span class='ocrx_word' id='word_1_148' title='bbox 1549 1279 1597 1321; x_wconf 88' lang='lat' dir='ltr'>in</span> <span class='ocrx_word' id='word_1_149' title='bbox 1617 1279 1730 1322; x_wconf 89' lang='lat' dir='ltr'>dicto</span> <span class='ocrx_word' id='word_1_150' title='bbox 1751 1279 1863 1322; x_wconf 85' lang='lat' dir='ltr'>bello</span> 
     </span>
     <span class='ocr_line' id='line_1_18' title="bbox 355 1336 1863 1393; baseline 0.001 -14"><span class='ocrx_word' id='word_1_151' title='bbox 355 1336 588 1379; x_wconf 88' lang='lat' dir='ltr'>existentes</span> <span class='ocrx_word' id='word_1_152' title='bbox 616 1336 976 1379; x_wconf 76' lang='lat' dir='ltr'>inaestimabiliter</span> <span class='ocrx_word' id='word_1_153' title='bbox 1003 1339 1106 1379; x_wconf 89' lang='lat' dir='ltr'>sunt</span> <span class='ocrx_word' id='word_1_154' title='bbox 1135 1336 1271 1379; x_wconf 88' lang='lat' dir='ltr'>ditati.</span> <span class='ocrx_word' id='word_1_155' title='bbox 1332 1337 1453 1379; x_wconf 84' lang='lat' dir='ltr'>Inter</span> <span class='ocrx_word' id='word_1_156' title='bbox 1480 1351 1586 1392; x_wconf 91' lang='lat' dir='ltr'>quos</span> <span class='ocrx_word' id='word_1_157' title='bbox 1616 1340 1766 1393; x_wconf 89' lang='lat' dir='ltr'>captus</span> <span class='ocrx_word' id='word_1_158' title='bbox 1796 1342 1863 1380; x_wconf 87' lang='lat' dir='ltr'>est</span> 
     </span>
     <span class='ocr_line' id='line_1_19' title="bbox 353 1393 1863 1450; baseline 0.001 -14"><span class='ocrx_word' id='word_1_159' title='bbox 353 1393 428 1436; x_wconf 88' lang='lat' dir='ltr'>ille</span> <span class='ocrx_word' id='word_1_160' title='bbox 458 1394 695 1436; x_wconf 87' lang='lat' dir='ltr'>ditissimus</span> <span class='ocrx_word' id='word_1_161' title='bbox 724 1394 754 1437; x_wconf 85' lang='lat' dir='ltr'><strong>J</strong></span> <span class='ocrx_word' id='word_1_162' title='bbox 757 1393 944 1437; x_wconf 91' lang='lat' dir='ltr'>ohannes</span> <span class='ocrx_word' id='word_1_163' title='bbox 973 1394 1026 1437; x_wconf 92' lang='lat' dir='ltr'>de</span> <span class='ocrx_word' id='word_1_164' title='bbox 1060 1394 1262 1446; x_wconf 89' lang='lat' dir='ltr'>Britania,</span> <span class='ocrx_word' id='word_1_165' title='bbox 1298 1408 1373 1449; x_wconf 89' lang='lat' dir='ltr'>per</span> <span class='ocrx_word' id='word_1_166' title='bbox 1407 1408 1534 1450; x_wconf 90' lang='lat' dir='ltr'>quem</span> <span class='ocrx_word' id='word_1_167' title='bbox 1564 1394 1744 1438; x_wconf 88' lang='lat' dir='ltr'>liberata</span> <span class='ocrx_word' id='word_1_168' title='bbox 1777 1395 1863 1437; x_wconf 87' lang='lat' dir='ltr'>fuit</span> 
     </span>
     <span class='ocr_line' id='line_1_20' title="bbox 353 1451 1862 1509; baseline 0.001 -15"><span class='ocrx_word' id='word_1_169' title='bbox 353 1452 499 1508; x_wconf 86' lang='lat' dir='ltr'>regina</span> <span class='ocrx_word' id='word_1_170' title='bbox 528 1452 686 1494; x_wconf 84' lang='lat' dir='ltr'>Scociae</span> <span class='ocrx_word' id='word_1_171' title='bbox 715 1451 896 1507; x_wconf 85' lang='lat' dir='ltr'>captiva,</span> <span class='ocrx_word' id='word_1_172' title='bbox 925 1452 1041 1507; x_wconf 90' lang='lat' dir='ltr'>quod</span> <span class='ocrx_word' id='word_1_173' title='bbox 1069 1452 1301 1494; x_wconf 91' lang='lat' dir='ltr'>absurdum</span> <span class='ocrx_word' id='word_1_174' title='bbox 1340 1456 1451 1494; x_wconf 87' lang='lat' dir='ltr'>esset</span> <span class='ocrx_word' id='word_1_175' title='bbox 1490 1452 1635 1495; x_wconf 85' lang='lat' dir='ltr'>audire</span> <span class='ocrx_word' id='word_1_176' title='bbox 1672 1452 1862 1509; x_wconf 85' lang='lat' dir='ltr'>reginam</span> 
     </span>
     <span class='ocr_line' id='line_1_21' title="bbox 355 1509 1862 1565; baseline 0.001 -13"><span class='ocrx_word' id='word_1_177' title='bbox 355 1510 571 1565; x_wconf 87' lang='lat' dir='ltr'>captivam</span> <span class='ocrx_word' id='word_1_178' title='bbox 591 1523 690 1552; x_wconf 87' lang='lat' dir='ltr'>esse.</span> <span class='ocrx_word' id='word_1_179' title='bbox 751 1510 865 1551; x_wconf 91' lang='lat' dir='ltr'>Item</span> <span class='ocrx_word' id='word_1_180' title='bbox 882 1523 960 1565; x_wconf 89' lang='lat' dir='ltr'>pro</span> <span class='ocrx_word' id='word_1_181' title='bbox 978 1510 1073 1565; x_wconf 90' lang='lat' dir='ltr'>ipso</span> <span class='ocrx_word' id='word_1_182' title='bbox 1092 1509 1296 1552; x_wconf 88' lang='lat' dir='ltr'>liberatus</span> <span class='ocrx_word' id='word_1_183' title='bbox 1317 1514 1382 1553; x_wconf 92' lang='lat' dir='ltr'>est</span> <span class='ocrx_word' id='word_1_184' title='bbox 1407 1510 1629 1565; x_wconf 91' lang='lat' dir='ltr'>episcopus</span> <span class='ocrx_word' id='word_1_185' title='bbox 1659 1510 1712 1552; x_wconf 90' lang='lat' dir='ltr'>de</span> <span class='ocrx_word' id='word_1_186' title='bbox 1739 1510 1862 1553; x_wconf 85' lang='lat' dir='ltr'>Glas-</span> 
     </span>
     <span class='ocr_line' id='line_1_22' title="bbox 354 1567 1863 1623; baseline 0 -13"><span class='ocrx_word' id='word_1_187' title='bbox 354 1568 484 1623; x_wconf 78' lang='lat' dir='ltr'>quw‚4</span> <span class='ocrx_word' id='word_1_188' title='bbox 498 1567 566 1610; x_wconf 87' lang='lat' dir='ltr'>vir</span> <span class='ocrx_word' id='word_1_189' title='bbox 579 1567 833 1610; x_wconf 89' lang='lat' dir='ltr'>venerabilis</span> <span class='ocrx_word' id='word_1_190' title='bbox 854 1572 898 1609; x_wconf 92' lang='lat' dir='ltr'>et</span> <span class='ocrx_word' id='word_1_191' title='bbox 913 1581 1076 1623; x_wconf 78' lang='lat' dir='ltr'>magnae</span> <span class='ocrx_word' id='word_1_192' title='bbox 1092 1567 1335 1618; x_wconf 85' lang='lat' dir='ltr'>senectutis,</span> <span class='ocrx_word' id='word_1_193' title='bbox 1349 1568 1397 1609; x_wconf 88' lang='lat' dir='ltr'>in</span> <span class='ocrx_word' id='word_1_194' title='bbox 1411 1568 1645 1610; x_wconf 85' lang='lat' dir='ltr'>carceribus</span> <span class='ocrx_word' id='word_1_195' title='bbox 1666 1567 1863 1611; x_wconf 88' lang='lat' dir='ltr'>similiter</span> 
     </span>
     <span class='ocr_line' id='line_1_23' title="bbox 353 1625 1863 1681; baseline 0.001 -14"><span class='ocrx_word' id='word_1_196' title='bbox 353 1639 430 1681; x_wconf 89' lang='lat' dir='ltr'>per</span> <span class='ocrx_word' id='word_1_197' title='bbox 443 1625 663 1667; x_wconf 83' lang='lat' dir='ltr'>tirannum</span> <span class='ocrx_word' id='word_1_198' title='bbox 677 1625 877 1667; x_wconf 87' lang='lat' dir='ltr'>detentus</span> <span class='ocrx_word' id='word_1_199' title='bbox 892 1625 1173 1668; x_wconf 89' lang='lat' dir='ltr'>Londonensi.</span> <span class='ocrx_word' id='word_1_200' title='bbox 1231 1625 1482 1668; x_wconf 88' lang='lat' dir='ltr'>Notandum</span> <span class='ocrx_word' id='word_1_201' title='bbox 1497 1629 1562 1668; x_wconf 91' lang='lat' dir='ltr'>est</span> <span class='ocrx_word' id='word_1_202' title='bbox 1574 1626 1688 1681; x_wconf 90' lang='lat' dir='ltr'>quod</span> <span class='ocrx_word' id='word_1_203' title='bbox 1701 1625 1863 1668; x_wconf 90' lang='lat' dir='ltr'>bellum</span> 
     </span>
     <span class='ocr_line' id='line_1_24' title="bbox 353 1682 1863 1739; baseline 0.001 -14"><span class='ocrx_word' id='word_1_204' title='bbox 353 1683 434 1726; x_wconf 89' lang='lat' dir='ltr'>hoc</span> <span class='ocrx_word' id='word_1_205' title='bbox 465 1682 655 1738; x_wconf 87' lang='lat' dir='ltr'>captum⁵</span> <span class='ocrx_word' id='word_1_206' title='bbox 684 1683 768 1725; x_wconf 86' lang='lat' dir='ltr'>fuit</span> <span class='ocrx_word' id='word_1_207' title='bbox 797 1683 909 1725; x_wconf 87' lang='lat' dir='ltr'>inter</span> <span class='ocrx_word' id='word_1_208' title='bbox 937 1683 1195 1725; x_wconf 87' lang='lat' dir='ltr'>Edwardum</span> <span class='ocrx_word' id='word_1_209' title='bbox 1225 1682 1278 1725; x_wconf 91' lang='lat' dir='ltr'>de</span> <span class='ocrx_word' id='word_1_210' title='bbox 1308 1684 1455 1738; x_wconf 90' lang='lat' dir='ltr'>Broys,</span> <span class='ocrx_word' id='word_1_211' title='bbox 1484 1683 1658 1726; x_wconf 85' lang='lat' dir='ltr'>fratrem</span> <span class='ocrx_word' id='word_1_212' title='bbox 1677 1684 1799 1739; x_wconf 87' lang='lat' dir='ltr'>regis,</span> <span class='ocrx_word' id='word_1_213' title='bbox 1820 1687 1863 1726; x_wconf 90' lang='lat' dir='ltr'>et</span> 
     </span>
     <span class='ocr_line' id='line_1_25' title="bbox 354 1740 1862 1797; baseline 0 -14"><span class='ocrx_word' id='word_1_214' title='bbox 354 1741 608 1796; x_wconf 74' lang='lat' dir='ltr'>Philippum</span> <span class='ocrx_word' id='word_1_215' title='bbox 628 1740 697 1784; x_wconf 79' lang='lat' dir='ltr'>de⁶</span> <span class='ocrx_word' id='word_1_216' title='bbox 717 1741 952 1796; x_wconf 77' lang='lat' dir='ltr'>Mowbmy,</span> <span class='ocrx_word' id='word_1_217' title='bbox 972 1741 1244 1797; x_wconf 88' lang='lat' dir='ltr'>capitaneum</span> <span class='ocrx_word' id='word_1_218' title='bbox 1263 1740 1316 1783; x_wconf 93' lang='lat' dir='ltr'>de</span> <span class='ocrx_word' id='word_1_219' title='bbox 1337 1741 1515 1797; x_wconf 87' lang='lat' dir='ltr'>Stirling</span> <span class='ocrx_word' id='word_1_220' title='bbox 1535 1755 1588 1783; x_wconf 91' lang='lat' dir='ltr'>ex</span> <span class='ocrx_word' id='word_1_221' title='bbox 1607 1745 1726 1797; x_wconf 90' lang='lat' dir='ltr'>parte</span> <span class='ocrx_word' id='word_1_222' title='bbox 1751 1742 1862 1797; x_wconf 89' lang='lat' dir='ltr'>regis</span> 
     </span>
     <span class='ocr_line' id='line_1_26' title="bbox 353 1798 1862 1855; baseline 0 -14"><span class='ocrx_word' id='word_1_223' title='bbox 353 1799 537 1854; x_wconf 85' lang='lat' dir='ltr'>Angliae,</span> <span class='ocrx_word' id='word_1_224' title='bbox 553 1813 682 1854; x_wconf 91' lang='lat' dir='ltr'>quem</span> <span class='ocrx_word' id='word_1_225' title='bbox 701 1798 842 1841; x_wconf 91' lang='lat' dir='ltr'>dictus</span> <span class='ocrx_word' id='word_1_226' title='bbox 862 1799 1097 1841; x_wconf 87' lang='lat' dir='ltr'>Edwardus</span> <span class='ocrx_word' id='word_1_227' title='bbox 1117 1798 1308 1850; x_wconf 86' lang='lat' dir='ltr'>obsessit,</span> <span class='ocrx_word' id='word_1_228' title='bbox 1323 1799 1416 1854; x_wconf 89' lang='lat' dir='ltr'>ipso</span> <span class='ocrx_word' id='word_1_229' title='bbox 1430 1798 1724 1855; x_wconf 88' lang='lat' dir='ltr'>promittente⁷</span> <span class='ocrx_word' id='word_1_230' title='bbox 1735 1798 1862 1854; x_wconf 91' lang='lat' dir='ltr'>quod,</span> 
     </span>
     <span class='ocr_line' id='line_1_27' title="bbox 353 1856 1860 1912; baseline -0.001 -13"><span class='ocrx_word' id='word_1_231' title='bbox 353 1857 467 1899; x_wconf 84' lang='lat' dir='ltr'>inter</span> <span class='ocrx_word' id='word_1_232' title='bbox 484 1856 586 1899; x_wconf 90' lang='lat' dir='ltr'>hinc</span> <span class='ocrx_word' id='word_1_233' title='bbox 607 1861 650 1899; x_wconf 93' lang='lat' dir='ltr'>et</span> <span class='ocrx_word' id='word_1_234' title='bbox 668 1871 805 1899; x_wconf 93' lang='lat' dir='ltr'>unum</span> <span class='ocrx_word' id='word_1_235' title='bbox 825 1870 986 1899; x_wconf 90' lang='lat' dir='ltr'>annum</span> <span class='ocrx_word' id='word_1_236' title='bbox 1005 1857 1043 1899; x_wconf 89' lang='lat' dir='ltr'>si</span> <span class='ocrx_word' id='word_1_237' title='bbox 1063 1870 1311 1900; x_wconf 88' lang='lat' dir='ltr'>succursum</span> <span class='ocrx_word' id='word_1_238' title='bbox 1328 1870 1405 1912; x_wconf 89' lang='lat' dir='ltr'>per</span> <span class='ocrx_word' id='word_1_239' title='bbox 1417 1870 1558 1911; x_wconf 87' lang='lat' dir='ltr'>regem</span> <span class='ocrx_word' id='word_1_240' title='bbox 1583 1856 1752 1912; x_wconf 85' lang='lat' dir='ltr'>Angliae</span> <span class='ocrx_word' id='word_1_241' title='bbox 1780 1856 1860 1899; x_wconf 90' lang='lat' dir='ltr'>hoc</span> 
     </span>
     <span class='ocr_line' id='line_1_28' title="bbox 355 1914 1862 1969; baseline -0.001 -12"><span class='ocrx_word' id='word_1_242' title='bbox 355 1920 542 1957; x_wconf 87' lang='lat' dir='ltr'>castrum</span> <span class='ocrx_word' id='word_1_243' title='bbox 563 1928 649 1956; x_wconf 89' lang='lat' dir='ltr'>non</span> <span class='ocrx_word' id='word_1_244' title='bbox 678 1914 864 1965; x_wconf 88' lang='lat' dir='ltr'>haberet,</span> <span class='ocrx_word' id='word_1_245' title='bbox 882 1914 928 1956; x_wconf 93' lang='lat' dir='ltr'>in</span> <span class='ocrx_word' id='word_1_246' title='bbox 958 1915 1156 1957; x_wconf 86' lang='lat' dir='ltr'>manibus</span> <span class='ocrx_word' id='word_1_247' title='bbox 1186 1915 1278 1969; x_wconf 87' lang='lat' dir='ltr'>ejus</span> <span class='ocrx_word' id='word_1_248' title='bbox 1308 1914 1400 1957; x_wconf 90' lang='lat' dir='ltr'>sine</span> <span class='ocrx_word' id='word_1_249' title='bbox 1434 1914 1642 1956; x_wconf 87' lang='lat' dir='ltr'>dilacione</span> <span class='ocrx_word' id='word_1_250' title='bbox 1669 1914 1862 1956; x_wconf 86' lang='lat' dir='ltr'>ulteriori</span> 
     </span>
     <span class='ocr_line' id='line_1_29' title="bbox 354 1971 1862 2028; baseline -0.001 -13"><span class='ocrx_word' id='word_1_251' title='bbox 354 1973 549 2015; x_wconf 87' lang='lat' dir='ltr'>redderet</span> <span class='ocrx_word' id='word_1_252' title='bbox 568 1986 644 2027; x_wconf 87' lang='lat' dir='ltr'>pro</span> <span class='ocrx_word' id='word_1_253' title='bbox 675 1976 795 2028; x_wconf 87' lang='lat' dir='ltr'>parte</span> <span class='ocrx_word' id='word_1_254' title='bbox 826 1973 936 2028; x_wconf 88' lang='lat' dir='ltr'>regis</span> <span class='ocrx_word' id='word_1_255' title='bbox 964 1972 1130 2015; x_wconf 84' lang='lat' dir='ltr'>Scociae.</span> <span class='ocrx_word' id='word_1_256' title='bbox 1190 1973 1283 2014; x_wconf 88' lang='lat' dir='ltr'>Rex</span> <span class='ocrx_word' id='word_1_257' title='bbox 1308 1972 1424 2014; x_wconf 92' lang='lat' dir='ltr'>enim</span> <span class='ocrx_word' id='word_1_258' title='bbox 1453 1986 1507 2015; x_wconf 89' lang='lat' dir='ltr'>ex</span> <span class='ocrx_word' id='word_1_259' title='bbox 1525 1971 1606 2014; x_wconf 91' lang='lat' dir='ltr'>hoc</span> <span class='ocrx_word' id='word_1_260' title='bbox 1625 1972 1862 2027; x_wconf 85' lang='lat' dir='ltr'>increpavit</span> 
     </span>
     <span class='ocr_line' id='line_1_30' title="bbox 355 2029 1861 2085; baseline -0.001 -12"><span class='ocrx_word' id='word_1_261' title='bbox 355 2031 529 2073; x_wconf 88' lang='lat' dir='ltr'>fratrem</span> <span class='ocrx_word' id='word_1_262' title='bbox 549 2044 687 2082; x_wconf 88' lang='lat' dir='ltr'>suum,</span> <span class='ocrx_word' id='word_1_263' title='bbox 706 2030 852 2073; x_wconf 87' lang='lat' dir='ltr'>dicens</span> <span class='ocrx_word' id='word_1_264' title='bbox 873 2030 913 2072; x_wconf 91' lang='grc'>01</span> <span class='ocrx_word' id='word_1_265' title='bbox 932 2030 1046 2085; x_wconf 91' lang='lat' dir='ltr'>quod</span> <span class='ocrx_word' id='word_1_266' title='bbox 1075 2029 1328 2072; x_wconf 88' lang='lat' dir='ltr'>stultissime</span> <span class='ocrx_word' id='word_1_267' title='bbox 1347 2029 1450 2072; x_wconf 86' lang='lat' dir='ltr'>fecit</span> <span class='ocrx_word' id='word_1_268' title='bbox 1477 2029 1591 2085; x_wconf 89' lang='lat' dir='ltr'>quod</span> <span class='ocrx_word' id='word_1_269' title='bbox 1617 2030 1861 2085; x_wconf 88' lang='lat' dir='ltr'>potentissi-</span> 
     </span>
     <span class='ocr_line' id='line_1_31' title="bbox 356 2087 1862 2144; baseline -0.001 -13"><span class='ocrx_word' id='word_1_270' title='bbox 356 2103 477 2131; x_wconf 92' lang='lat' dir='ltr'>mum</span> <span class='ocrx_word' id='word_1_271' title='bbox 491 2102 632 2144; x_wconf 85' lang='lat' dir='ltr'>regem</span> <span class='ocrx_word' id='word_1_272' title='bbox 647 2088 816 2144; x_wconf 81' lang='lat' dir='ltr'>Angliae</span> <span class='ocrx_word' id='word_1_273' title='bbox 831 2087 886 2130; x_wconf 88' lang='lat' dir='ltr'>ad</span> <span class='ocrx_word' id='word_1_274' title='bbox 897 2101 1059 2130; x_wconf 88' lang='lat' dir='ltr'>annum</span> <span class='ocrx_word' id='word_1_275' title='bbox 1075 2091 1118 2130; x_wconf 91' lang='lat' dir='ltr'>et</span> <span class='ocrx_word' id='word_1_276' title='bbox 1130 2087 1242 2130; x_wconf 90' lang='lat' dir='ltr'>diem</span> <span class='ocrx_word' id='word_1_277' title='bbox 1257 2087 1505 2130; x_wconf 79' lang='lat' dir='ltr'>terminum⁸</span> <span class='ocrx_word' id='word_1_278' title='bbox 1518 2087 1622 2130; x_wconf 86' lang='lat' dir='ltr'>belli</span> <span class='ocrx_word' id='word_1_279' title='bbox 1640 2087 1862 2143; x_wconf 87' lang='lat' dir='ltr'>praefixum</span> 
     </span>
     <span class='ocr_line' id='line_1_32' title="bbox 357 2145 1858 2201; baseline -0.001 -13"><span class='ocrx_word' id='word_1_280' title='bbox 357 2146 520 2189; x_wconf 85' lang='lat' dir='ltr'>statuit.</span> <span class='ocrx_word' id='word_1_281' title='bbox 568 2147 627 2188; x_wconf 90' lang='lat' dir='ltr'>Et</span> <span class='ocrx_word' id='word_1_282' title='bbox 645 2145 752 2198; x_wconf 88' lang='lat' dir='ltr'>ideo,</span> <span class='ocrx_word' id='word_1_283' title='bbox 763 2150 971 2201; x_wconf 87' lang='lat' dir='ltr'>tanquam</span> <span class='ocrx_word' id='word_1_284' title='bbox 981 2159 1106 2188; x_wconf 83' lang='lat' dir='ltr'>verus</span> <span class='ocrx_word' id='word_1_285' title='bbox 1127 2145 1374 2188; x_wconf 85' lang='lat' dir='ltr'>Catholicus</span> <span class='ocrx_word' id='word_1_286' title='bbox 1389 2145 1436 2187; x_wconf 89' lang='lat' dir='ltr'>in</span> <span class='ocrx_word' id='word_1_287' title='bbox 1455 2145 1641 2188; x_wconf 86' lang='lat' dir='ltr'>Domino</span> <span class='ocrx_word' id='word_1_288' title='bbox 1663 2146 1858 2198; x_wconf 87' lang='lat' dir='ltr'>confisus,</span> 
     </span>
     <span class='ocr_line' id='line_1_33' title="bbox 322 2202 1862 2262; baseline -0.001 -16"><span class='ocrx_word' id='word_1_289' title='bbox 322 2257 330 2262; x_wconf 92' lang='lat'><em>.</em></span> <span class='ocrx_word' id='word_1_290' title='bbox 357 2218 504 2247; x_wconf 90' lang='lat' dir='ltr'>omnes</span> <span class='ocrx_word' id='word_1_291' title='bbox 524 2218 623 2247; x_wconf 89' lang='grc'>81108</span> <span class='ocrx_word' id='word_1_292' title='bbox 643 2207 742 2247; x_wconf 87' lang='lat' dir='ltr'>ante</span> <span class='ocrx_word' id='word_1_293' title='bbox 761 2204 1000 2260; x_wconf 88' lang='lat' dir='ltr'>ingressum</span> <span class='ocrx_word' id='word_1_294' title='bbox 1019 2202 1122 2246; x_wconf 89' lang='lat' dir='ltr'>belli</span> <span class='ocrx_word' id='word_1_295' title='bbox 1141 2217 1312 2245; x_wconf 89' lang='lat' dir='ltr'>monere</span> <span class='ocrx_word' id='word_1_296' title='bbox 1330 2216 1406 2258; x_wconf 93' lang='lat' dir='ltr'>per</span> <span class='ocrx_word' id='word_1_297' title='bbox 1425 2202 1730 2246; x_wconf 84' lang='lat' dir='ltr'>ecclesiasticos</span> <span class='ocrx_word' id='word_1_298' title='bbox 1749 2203 1862 2246; x_wconf 85' lang='lat' dir='ltr'>viros</span> 
     </span>
     <span class='ocr_line' id='line_1_34' title="bbox 355 2261 1862 2318; baseline -0.003 -13"><span class='ocrx_word' id='word_1_299' title='bbox 355 2262 471 2313; x_wconf 87' lang='lat' dir='ltr'>fecit,</span> <span class='ocrx_word' id='word_1_300' title='bbox 490 2265 541 2304; x_wconf 89' lang='lat' dir='ltr'>ut</span> <span class='ocrx_word' id='word_1_301' title='bbox 560 2262 868 2318; x_wconf 87' lang='lat' dir='ltr'>unusquisque,</span> <span class='ocrx_word' id='word_1_302' title='bbox 886 2262 994 2304; x_wconf 89' lang='lat' dir='ltr'>bene</span> <span class='ocrx_word' id='word_1_303' title='bbox 1014 2261 1231 2304; x_wconf 82' lang='lat' dir='ltr'>consessus</span> <span class='ocrx_word' id='word_1_304' title='bbox 1251 2265 1295 2303; x_wconf 91' lang='lat' dir='ltr'>et</span> <span class='ocrx_word' id='word_1_305' title='bbox 1314 2261 1533 2312; x_wconf 89' lang='lat' dir='ltr'>contritus,</span> <span class='ocrx_word' id='word_1_306' title='bbox 1553 2265 1862 2303; x_wconf 86' lang='lat' dir='ltr'>sacramentum</span> 
     </span>
     <span class='ocr_line' id='line_1_35' title="bbox 356 2317 1864 2362; baseline -0.002 0"><span class='ocrx_word' id='word_1_307' title='bbox 356 2320 636 2362; x_wconf 79' lang='lat' dir='ltr'>Eucharistiae</span> <span class='ocrx_word' id='word_1_308' title='bbox 667 2323 853 2362; x_wconf 88' lang='lat' dir='ltr'>sumeret</span> <span class='ocrx_word' id='word_1_309' title='bbox 869 2318 901 2362; x_wconf 83' lang='lat'>:⁹</span> <span class='ocrx_word' id='word_1_310' title='bbox 933 2318 1018 2361; x_wconf 60' lang='grc' dir='ltr'>1101ο</span> <span class='ocrx_word' id='word_1_311' title='bbox 1046 2319 1107 2362; x_wconf 89' lang='grc'>810</span> <span class='ocrx_word' id='word_1_312' title='bbox 1141 2323 1355 2361; x_wconf 89' lang='lat' dir='ltr'>armatura</span> <span class='ocrx_word' id='word_1_313' title='bbox 1393 2318 1479 2361; x_wconf 89' lang='lat' dir='ltr'>Dei</span> <span class='ocrx_word' id='word_1_314' title='bbox 1512 2318 1665 2360; x_wconf 86' lang='lat' dir='ltr'>armati</span> <span class='ocrx_word' id='word_1_315' title='bbox 1703 2317 1864 2361; x_wconf 90' lang='lat' dir='ltr'>bellum</span> 
     </span>
     <span class='ocr_line' id='line_1_36' title="bbox 356 2376 1863 2433; baseline -0.001 -15"><span class='ocrx_word' id='word_1_316' title='bbox 356 2377 688 2433; x_wconf 85' lang='lat' dir='ltr'>ingrederentur,</span> <span class='ocrx_word' id='word_1_317' title='bbox 699 2378 830 2420; x_wconf 88' lang='lat' dir='ltr'>missa</span> <span class='ocrx_word' id='word_1_318' title='bbox 840 2377 959 2433; x_wconf 87' lang='lat' dir='ltr'>prius</span> <span class='ocrx_word' id='word_1_319' title='bbox 979 2377 1033 2419; x_wconf 89' lang='lat' dir='ltr'>ab</span> <span class='ocrx_word' id='word_1_320' title='bbox 1052 2376 1250 2419; x_wconf 88' lang='lat' dir='ltr'>omnibus</span> <span class='ocrx_word' id='word_1_321' title='bbox 1270 2377 1428 2427; x_wconf 87' lang='lat' dir='ltr'>audita,</span> <span class='ocrx_word' id='word_1_322' title='bbox 1444 2376 1714 2419; x_wconf 88' lang='lat' dir='ltr'>devotissime</span> <span class='ocrx_word' id='word_1_323' title='bbox 1732 2388 1863 2431; x_wconf 89' lang='lat' dir='ltr'>genu-</span> 
     </span>
     <span class='ocr_line' id='line_1_37' title="bbox 356 2432 1863 2490; baseline -0.001 -14"><span class='ocrx_word' id='word_1_324' title='bbox 356 2435 480 2477; x_wconf 85' lang='lat' dir='ltr'>flexis</span> <span class='ocrx_word' id='word_1_325' title='bbox 509 2436 708 2478; x_wconf 82' lang='lat' dir='ltr'>omnibus</span> <span class='ocrx_word' id='word_1_326' title='bbox 737 2449 878 2478; x_wconf 90' lang='lat' dir='ltr'>coram</span> <span class='ocrx_word' id='word_1_327' title='bbox 906 2434 1106 2485; x_wconf 91' lang='lat' dir='ltr'>Domino,</span> <span class='ocrx_word' id='word_1_328' title='bbox 1125 2434 1348 2477; x_wconf 75' lang='lat' dir='ltr'>humiliter</span> <span class='ocrx_word' id='word_1_329' title='bbox 1365 2434 1550 2490; x_wconf 85' lang='lat' dir='ltr'>graciam</span> <span class='ocrx_word' id='word_1_330' title='bbox 1578 2432 1863 2488; x_wconf 87' lang='lat' dir='ltr'>implorantes,</span> 
     </span>
     <span class='ocr_line' id='line_1_38' title="bbox 358 2490 1864 2549; baseline -0.001 -16"><span class='ocrx_word' id='word_1_331' title='bbox 358 2495 402 2534; x_wconf 89' lang='lat' dir='ltr'>et</span> <span class='ocrx_word' id='word_1_332' title='bbox 415 2506 491 2547; x_wconf 86' lang='lat' dir='ltr'>pro</span> <span class='ocrx_word' id='word_1_333' title='bbox 511 2493 707 2536; x_wconf 88' lang='lat' dir='ltr'>libertate</span> <span class='ocrx_word' id='word_1_334' title='bbox 727 2494 847 2549; x_wconf 91' lang='lat' dir='ltr'>regni</span> <span class='ocrx_word' id='word_1_335' title='bbox 866 2493 1010 2535; x_wconf 91' lang='lat' dir='ltr'>Deum</span> <span class='ocrx_word' id='word_1_336' title='bbox 1039 2492 1323 2547; x_wconf 88' lang='lat' dir='ltr'>deprecantes.</span> <span class='ocrx_word' id='word_1_337' title='bbox 1385 2492 1500 2543; x_wconf 82' lang='lat' dir='ltr'>Quos</span> <span class='ocrx_word' id='word_1_338' title='bbox 1530 2504 1628 2534; x_wconf 91' lang='lat' dir='ltr'>cum</span> <span class='ocrx_word' id='word_1_339' title='bbox 1656 2490 1864 2532; x_wconf 89' lang='lat' dir='ltr'>vidissent</span> 
     </span>
     <span class='ocr_line' id='line_1_39' title="bbox 360 2547 1862 2605; baseline -0.001 -13"><span class='ocrx_word' id='word_1_340' title='bbox 360 2549 499 2605; x_wconf 86' lang='lat' dir='ltr'>Angli,</span> <span class='ocrx_word' id='word_1_341' title='bbox 529 2551 796 2593; x_wconf 88' lang='lat' dir='ltr'>subridentes</span> <span class='ocrx_word' id='word_1_342' title='bbox 826 2550 1052 2593; x_wconf 86' lang='lat' dir='ltr'>dixerunt:</span> <span class='ocrx_word' id='word_1_343' title='bbox 1081 2555 1102 2572; x_wconf 93' lang='lat'><strong>“</strong></span> <span class='ocrx_word' id='word_1_344' title='bbox 1115 2551 1236 2601; x_wconf 90' lang='lat' dir='ltr'>Ecce,</span> <span class='ocrx_word' id='word_1_345' title='bbox 1267 2549 1383 2592; x_wconf 87' lang='lat' dir='ltr'>Scoti</span> <span class='ocrx_word' id='word_1_346' title='bbox 1401 2549 1570 2592; x_wconf 79' lang='lat' dir='ltr'>veniam</span> <span class='ocrx_word' id='word_1_347' title='bbox 1596 2547 1862 2603; x_wconf 88' lang='lat' dir='ltr'>postulantes</span> 
     </span>
     <span class='ocr_line' id='line_1_40' title="bbox 358 2604 1863 2663; baseline -0.002 -14"><span class='ocrx_word' id='word_1_348' title='bbox 358 2608 481 2650; x_wconf 90' lang='lat' dir='ltr'>nobis</span> <span class='ocrx_word' id='word_1_349' title='bbox 502 2621 546 2649; x_wconf 89' lang='lat' dir='ltr'>se</span> <span class='ocrx_word' id='word_1_350' title='bbox 565 2608 876 2651; x_wconf 89' lang='lat' dir='ltr'>reddiderunt.”</span> <span class='ocrx_word' id='word_1_351' title='bbox 937 2608 1103 2659; x_wconf 80' lang='lat' dir='ltr'>Quibus</span> <span class='ocrx_word' id='word_1_352' title='bbox 1123 2607 1342 2663; x_wconf 88' lang='lat' dir='ltr'>respondit</span> <span class='ocrx_word' id='word_1_353' title='bbox 1364 2606 1540 2662; x_wconf 88' lang='lat' dir='ltr'>quidam</span> <span class='ocrx_word' id='word_1_354' title='bbox 1568 2604 1691 2647; x_wconf 87' lang='lat' dir='ltr'>miles</span> <span class='ocrx_word' id='word_1_355' title='bbox 1721 2618 1863 2656; x_wconf 88' lang='lat' dir='ltr'>senex,</span> 
     </span>
     <span class='ocr_line' id='line_1_41' title="bbox 356 2662 1862 2718; baseline -0.001 -11"><span class='ocrx_word' id='word_1_356' title='bbox 356 2664 582 2708; x_wconf 86' lang='lat' dir='ltr'>intellectu</span> <span class='ocrx_word' id='word_1_357' title='bbox 600 2668 743 2707; x_wconf 90' lang='lat' dir='ltr'>tamen</span> <span class='ocrx_word' id='word_1_358' title='bbox 764 2665 948 2717; x_wconf 81' lang='lat' dir='ltr'>sam&#39;or,1¹</span> <span class='ocrx_word' id='word_1_359' title='bbox 969 2666 1136 2708; x_wconf 90' lang='lat' dir='ltr'>dicens:</span> <span class='ocrx_word' id='word_1_360' title='bbox 1166 2670 1188 2687; x_wconf 92' lang='lat'><strong>“</strong></span> <span class='ocrx_word' id='word_1_361' title='bbox 1203 2665 1365 2707; x_wconf 90' lang='lat' dir='ltr'>Verum</span> <span class='ocrx_word' id='word_1_362' title='bbox 1384 2667 1450 2707; x_wconf 88' lang='lat' dir='ltr'>est</span> <span class='ocrx_word' id='word_1_363' title='bbox 1469 2662 1583 2718; x_wconf 91' lang='lat' dir='ltr'>quod</span> <span class='ocrx_word' id='word_1_364' title='bbox 1603 2676 1648 2704; x_wconf 89' lang='lat' dir='ltr'>se</span> <span class='ocrx_word' id='word_1_365' title='bbox 1665 2662 1862 2714; x_wconf 88' lang='lat' dir='ltr'>reddunt,</span> 
     </span>
    </p>
   </div>
   <div class='ocr_carea' id='block_1_3' title="bbox 420 2821 1856 2962">
    <p class='ocr_par' dir='ltr' id='par_1_3' title="bbox 420 2821 1856 2962">
     <span class='ocr_line' id='line_1_42' title="bbox 421 2821 1517 2859; baseline -0.005 -1"><span class='ocrx_word' id='word_1_366' title='bbox 421 2824 435 2847; x_wconf 90' lang='lat'>1</span> <span class='ocrx_word' id='word_1_367' title='bbox 451 2825 488 2859; x_wconf 86' lang='lat' dir='ltr'>G.</span> <span class='ocrx_word' id='word_1_368' title='bbox 506 2825 547 2858; x_wconf 83' lang='lat' dir='ltr'>E.</span> <span class='ocrx_word' id='word_1_369' title='bbox 565 2824 609 2858; x_wconf 86' lang='lat' dir='ltr'>de</span> <span class='ocrx_word' id='word_1_370' title='bbox 625 2822 754 2857; x_wconf 81' lang='lat' dir='ltr'>Seoeia.</span> <span class='ocrx_word' id='word_1_371' title='bbox 945 2821 960 2843; x_wconf 75' lang='lat'><em>²</em></span> <span class='ocrx_word' id='word_1_372' title='bbox 977 2823 1014 2857; x_wconf 82' lang='lat' dir='ltr'>O.</span> <span class='ocrx_word' id='word_1_373' title='bbox 1033 2825 1129 2856; x_wconf 74' lang='lat' dir='ltr'>omits</span> <span class='ocrx_word' id='word_1_374' title='bbox 1145 2826 1191 2856; x_wconf 87' lang='lat' dir='ltr'>et.</span> <span class='ocrx_word' id='word_1_375' title='bbox 1241 2822 1281 2856; x_wconf 82' lang='lat' dir='ltr'>E.</span> <span class='ocrx_word' id='word_1_376' title='bbox 1301 2822 1467 2855; x_wconf 60' lang='lat' dir='ltr'>inter-lines</span> <span class='ocrx_word' id='word_1_377' title='bbox 1483 2823 1517 2854; x_wconf 75' lang='lat' dir='ltr'>ic.</span> 
     </span>
     <span class='ocr_line' id='line_1_43' title="bbox 420 2867 1856 2906; baseline -0.002 -1"><span class='ocrx_word' id='word_1_378' title='bbox 420 2872 436 2894; x_wconf 82' lang='lat'><strong>³</strong></span> <span class='ocrx_word' id='word_1_379' title='bbox 452 2873 489 2906; x_wconf 82' lang='lat' dir='ltr'>G.</span> <span class='ocrx_word' id='word_1_380' title='bbox 508 2872 548 2905; x_wconf 83' lang='lat' dir='ltr'>E.</span> <span class='ocrx_word' id='word_1_381' title='bbox 565 2871 722 2904; x_wconf 84' lang='lat' dir='ltr'>libertati</span> <span class='ocrx_word' id='word_1_382' title='bbox 738 2871 809 2904; x_wconf 81' lang='lat' dir='ltr'>and</span> <span class='ocrx_word' id='word_1_383' title='bbox 825 2872 904 2904; x_wconf 74' lang='lat' dir='ltr'>omit</span> <span class='ocrx_word' id='word_1_384' title='bbox 920 2874 1011 2903; x_wconf 85' lang='lat' dir='ltr'>sunt.</span> <span class='ocrx_word' id='word_1_385' title='bbox 1287 2867 1301 2890; x_wconf 79' lang='lat'><em>4</em></span> <span class='ocrx_word' id='word_1_386' title='bbox 1318 2868 1355 2902; x_wconf 83' lang='lat' dir='ltr'>O.</span> <span class='ocrx_word' id='word_1_387' title='bbox 1376 2869 1414 2901; x_wconf 85' lang='grc' dir='ltr'>Ε.</span> <span class='ocrx_word' id='word_1_388' title='bbox 1433 2867 1606 2902; x_wconf 79' lang='lat' dir='ltr'>Glaskew.</span> <span class='ocrx_word' id='word_1_389' title='bbox 1657 2867 1699 2902; x_wconf 93' lang='lat' dir='ltr'>D.</span> <span class='ocrx_word' id='word_1_390' title='bbox 1718 2869 1856 2902; x_wconf 84' lang='lat' dir='ltr'>Glascu.</span> 
     </span>
     <span class='ocr_line' id='line_1_44' title="bbox 420 2913 1750 2962; baseline -0.002 -10"><span class='ocrx_word' id='word_1_391' title='bbox 420 2919 435 2941; x_wconf 84' lang='lat'>⁵</span> <span class='ocrx_word' id='word_1_392' title='bbox 452 2920 491 2952; x_wconf 82' lang='lat' dir='ltr'>E.</span> <span class='ocrx_word' id='word_1_393' title='bbox 510 2922 672 2962; x_wconf 86' lang='lat' dir='ltr'>coeptum.</span> <span class='ocrx_word' id='word_1_394' title='bbox 954 2915 968 2937; x_wconf 77' lang='lat'>⁰</span> <span class='ocrx_word' id='word_1_395' title='bbox 985 2917 1021 2950; x_wconf 83' lang='lat' dir='ltr'>G.</span> <span class='ocrx_word' id='word_1_396' title='bbox 1040 2916 1079 2949; x_wconf 88' lang='grc' dir='ltr'>Ε.</span> <span class='ocrx_word' id='word_1_397' title='bbox 1100 2918 1179 2949; x_wconf 73' lang='lat' dir='ltr'>o‘mz&#39;c</span> <span class='ocrx_word' id='word_1_398' title='bbox 1195 2915 1248 2949; x_wconf 82' lang='lat' dir='ltr'>de.</span> <span class='ocrx_word' id='word_1_399' title='bbox 1360 2913 1373 2937; x_wconf 82' lang='lat'>⁷</span> <span class='ocrx_word' id='word_1_400' title='bbox 1392 2915 1427 2949; x_wconf 83' lang='lat' dir='ltr'>O.</span> <span class='ocrx_word' id='word_1_401' title='bbox 1446 2915 1485 2948; x_wconf 80' lang='lat' dir='ltr'>E.</span> <span class='ocrx_word' id='word_1_402' title='bbox 1506 2915 1750 2957; x_wconf 64' lang='lat' dir='ltr'>promittenda</span> 
     </span>
    </p>
   </div>
   <div class='ocr_carea' id='block_1_4' title="bbox 420 2960 1856 2999">
    <p class='ocr_par' dir='ltr' id='par_1_4' title="bbox 420 2960 1856 2999">
     <span class='ocr_line' id='line_1_45' title="bbox 420 2960 1856 2999; baseline -0.002 0"><span class='ocrx_word' id='word_1_403' title='bbox 420 2965 434 2988; x_wconf 82' lang='lat'>⁸</span> <span class='ocrx_word' id='word_1_404' title='bbox 450 2966 488 2999; x_wconf 90' lang='lat' dir='ltr'>B.</span> <span class='ocrx_word' id='word_1_405' title='bbox 508 2968 605 2999; x_wconf 73' lang='lat' dir='ltr'>omits</span> <span class='ocrx_word' id='word_1_406' title='bbox 619 2964 818 2999; x_wconf 81' lang='lat' dir='ltr'>terminum.</span> <span class='ocrx_word' id='word_1_407' title='bbox 953 2961 968 2984; x_wconf 80' lang='lat'>⁹</span> <span class='ocrx_word' id='word_1_408' title='bbox 985 2964 1027 2997; x_wconf 87' lang='lat' dir='ltr'>D.</span> <span class='ocrx_word' id='word_1_409' title='bbox 1048 2965 1236 2996; x_wconf 82' lang='lat' dir='ltr'>sumerent.</span> <span class='ocrx_word' id='word_1_410' title='bbox 1348 2960 1376 2983; x_wconf 85' lang='lat'>¹⁰</span> <span class='ocrx_word' id='word_1_411' title='bbox 1391 2962 1430 2996; x_wconf 86' lang='lat' dir='ltr'>B.</span> <span class='ocrx_word' id='word_1_412' title='bbox 1450 2965 1495 2995; x_wconf 89' lang='lat' dir='ltr'>et.</span> <span class='ocrx_word' id='word_1_413' title='bbox 1630 2960 1658 2984; x_wconf 87' lang='grc'>11</span> <span class='ocrx_word' id='word_1_414' title='bbox 1676 2963 1713 2995; x_wconf 87' lang='grc' dir='ltr'>Β.</span> <span class='ocrx_word' id='word_1_415' title='bbox 1732 2962 1856 2996; x_wconf 84' lang='lat' dir='ltr'>senior.</span> 
     </span>
    </p>
   </div>
  </div>
 </body>
</html>
