<?xml version="1.0" encoding="UTF-8"?>
<!DOCTYPE html PUBLIC "-//W3C//DTD XHTML 1.0 Transitional//EN"
    "http://www.w3.org/TR/xhtml1/DTD/xhtml1-transitional.dtd">
<html xmlns="http://www.w3.org/1999/xhtml" xml:lang="en" lang="en">
 <head>
  <title>
</title>
<meta http-equiv="Content-Type" content="text/html;charset=utf-8" />
  <meta name='ocr-system' content='tesseract 3.04.00' />
  <meta name='ocr-capabilities' content='ocr_page ocr_carea ocr_par ocr_line ocrx_word'/>
</head>
<body>
  <div class='ocr_page' id='page_1' title='image "./liberpluscardens07plusuoft/liberpluscardens07plusuoft_0236.png"; bbox 0 0 2008 3360; ppageno 0'>
   <div class='ocr_carea' id='block_1_1' title="bbox 353 260 1348 304">
    <p class='ocr_par' dir='ltr' id='par_1_1' title="bbox 353 260 1348 304">
     <span class='ocr_line' id='line_1_1' title="bbox 353 260 1348 304; baseline 0.005 -6"><span class='ocrx_word' id='word_1_1' title='bbox 353 260 432 299; x_wconf 83' lang='lat'>184</span> <span class='ocrx_word' id='word_1_2' title='bbox 846 272 971 303; x_wconf 70' lang='lat' dir='ltr'>mmm</span> <span class='ocrx_word' id='word_1_3' title='bbox 990 271 1348 304; x_wconf 71' lang='lat' dir='ltr'>PLuscARnnNffls.</span> 
     </span>
    </p>
   </div>
   <div class='ocr_carea' id='block_1_2' title="bbox 341 374 1844 603">
    <p class='ocr_par' dir='ltr' id='par_1_2' title="bbox 341 374 1844 603">
     <span class='ocr_line' id='line_1_2' title="bbox 345 374 1842 431; baseline 0.001 -16"><span class='ocrx_word' id='word_1_4' title='bbox 345 374 476 416; x_wconf 83' lang='lat' dir='ltr'>tercia</span> <span class='ocrx_word' id='word_1_5' title='bbox 503 387 600 430; x_wconf 89' lang='lat' dir='ltr'>pars</span> <span class='ocrx_word' id='word_1_6' title='bbox 621 380 697 426; x_wconf 88' lang='lat' dir='ltr'>est,</span> <span class='ocrx_word' id='word_1_7' title='bbox 716 376 769 418; x_wconf 88' lang='grc'>(10</span> <span class='ocrx_word' id='word_1_8' title='bbox 789 390 875 431; x_wconf 86' lang='lat' dir='ltr'>qua</span> <span class='ocrx_word' id='word_1_9' title='bbox 899 390 975 418; x_wconf 87' lang='lat' dir='ltr'>rex</span> <span class='ocrx_word' id='word_1_10' title='bbox 993 375 1162 431; x_wconf 84' lang='lat' dir='ltr'>Angliae</span> <span class='ocrx_word' id='word_1_11' title='bbox 1190 376 1348 426; x_wconf 77' lang='lat' dir='ltr'><strong>scribit,</strong></span> <span class='ocrx_word' id='word_1_12' title='bbox 1368 375 1515 418; x_wconf 87' lang='lat' dir='ltr'>eodem</span> <span class='ocrx_word' id='word_1_13' title='bbox 1538 376 1634 431; x_wconf 86' lang='lat' dir='ltr'>jure</span> <span class='ocrx_word' id='word_1_14' title='bbox 1653 379 1696 419; x_wconf 87' lang='lat' dir='ltr'>et</span> <span class='ocrx_word' id='word_1_15' title='bbox 1714 375 1842 419; x_wconf 84' lang='lat' dir='ltr'>titulo</span> 
     </span>
     <span class='ocr_line' id='line_1_3' title="bbox 344 431 1844 489; baseline 0.001 -16"><span class='ocrx_word' id='word_1_16' title='bbox 344 444 431 485; x_wconf 92' lang='lat' dir='ltr'>quo</span> <span class='ocrx_word' id='word_1_17' title='bbox 465 431 623 475; x_wconf 91' lang='lat' dir='ltr'>Brutus</span> <span class='ocrx_word' id='word_1_18' title='bbox 652 437 786 475; x_wconf 86' lang='lat' dir='ltr'>totam</span> <span class='ocrx_word' id='word_1_19' title='bbox 813 438 911 488; x_wconf 89' lang='lat' dir='ltr'>post</span> <span class='ocrx_word' id='word_1_20' title='bbox 945 437 1222 488; x_wconf 83' lang='lat' dir='ltr'>occupaverat</span> <span class='ocrx_word' id='word_1_21' title='bbox 1253 432 1501 483; x_wconf 88' lang='lat' dir='ltr'>Britaniam,</span> <span class='ocrx_word' id='word_1_22' title='bbox 1528 433 1726 489; x_wconf 89' lang='lat' dir='ltr'>imposito</span> <span class='ocrx_word' id='word_1_23' title='bbox 1759 433 1844 488; x_wconf 90' lang='lat' dir='ltr'>ipsi</span> 
     </span>
     <span class='ocr_line' id='line_1_4' title="bbox 344 489 1844 546; baseline 0.001 -16"><span class='ocrx_word' id='word_1_24' title='bbox 344 489 468 543; x_wconf 86' lang='lat' dir='ltr'>parti¹</span> <span class='ocrx_word' id='word_1_25' title='bbox 491 490 552 532; x_wconf 88' lang='grc'>010</span> <span class='ocrx_word' id='word_1_26' title='bbox 572 495 786 545; x_wconf 88' lang='lat' dir='ltr'>occupatae</span> <span class='ocrx_word' id='word_1_27' title='bbox 804 490 956 533; x_wconf 86' lang='lat' dir='ltr'>insulae</span> <span class='ocrx_word' id='word_1_28' title='bbox 975 505 1050 546; x_wconf 88' lang='lat' dir='ltr'>per</span> <span class='ocrx_word' id='word_1_29' title='bbox 1067 491 1182 546; x_wconf 91' lang='lat' dir='ltr'>ipsos</span> <span class='ocrx_word' id='word_1_30' title='bbox 1203 491 1348 533; x_wconf 87' lang='lat' dir='ltr'>Scotos</span> <span class='ocrx_word' id='word_1_31' title='bbox 1367 504 1477 532; x_wconf 87' lang='lat' dir='ltr'>novo</span> <span class='ocrx_word' id='word_1_32' title='bbox 1496 492 1666 534; x_wconf 89' lang='lat' dir='ltr'>nominc</span> <span class='ocrx_word' id='word_1_33' title='bbox 1685 491 1844 540; x_wconf 86' lang='lat' dir='ltr'>Scocia,</span> 
     </span>
     <span class='ocr_line' id='line_1_5' title="bbox 341 546 1844 603; baseline 0.002 -15"><span class='ocrx_word' id='word_1_34' title='bbox 341 546 398 588; x_wconf 86' lang='lat' dir='ltr'>ab</span> <span class='ocrx_word' id='word_1_35' title='bbox 416 547 510 603; x_wconf 84' lang='lat' dir='ltr'>ipsa</span> <span class='ocrx_word' id='word_1_36' title='bbox 529 548 665 599; x_wconf 88' lang='lat' dir='ltr'>Scota,</span> <span class='ocrx_word' id='word_1_37' title='bbox 681 548 912 591; x_wconf 81' lang='lat' dir='ltr'><strong>Pharaonis</strong></span> <span class='ocrx_word' id='word_1_38' title='bbox 924 548 1013 591; x_wconf 89' lang='lat' dir='ltr'>filia</span> <span class='ocrx_word' id='word_1_39' title='bbox 1031 552 1076 591; x_wconf 89' lang='lat' dir='ltr'>ct</span> <span class='ocrx_word' id='word_1_40' title='bbox 1095 549 1316 591; x_wconf 75' lang='lat' dir='ltr'>Scotorum</span> <span class='ocrx_word' id='word_1_41' title='bbox 1335 548 1524 590; x_wconf 86' lang='lat' dir='ltr'>domina:</span> <span class='ocrx_word' id='word_1_42' title='bbox 1543 548 1656 591; x_wconf 87' lang='lat' dir='ltr'>unde</span> <span class='ocrx_word' id='word_1_43' title='bbox 1669 548 1844 599; x_wconf 79' lang='lat' dir='ltr'>versus,2</span> 
     </span>
    </p>
   </div>
   <div class='ocr_carea' id='block_1_3' title="bbox 688 639 1495 690">
    <p class='ocr_par' dir='ltr' id='par_1_3' title="bbox 688 639 1495 690">
     <span class='ocr_line' id='line_1_6' title="bbox 688 639 1495 690; baseline 0 -8"><span class='ocrx_word' id='word_1_44' title='bbox 688 639 807 682; x_wconf 86' lang='lat' dir='ltr'>Scoti</span> <span class='ocrx_word' id='word_1_45' title='bbox 825 653 851 681; x_wconf 87' lang='grc'>0</span> <span class='ocrx_word' id='word_1_46' title='bbox 871 639 1007 690; x_wconf 80' lang='lat' dir='ltr'>Secta,</span> <span class='ocrx_word' id='word_1_47' title='bbox 1026 653 1052 681; x_wconf 91' lang='lat' dir='ltr'>a</span> <span class='ocrx_word' id='word_1_48' title='bbox 1072 639 1209 682; x_wconf 87' lang='lat' dir='ltr'>Scotis</span> <span class='ocrx_word' id='word_1_49' title='bbox 1230 639 1377 681; x_wconf 83' lang='lat' dir='ltr'>Scooia</span> <span class='ocrx_word' id='word_1_50' title='bbox 1395 642 1495 682; x_wconf 88' lang='lat' dir='ltr'>tota.</span> 
     </span>
    </p>
   </div>
   <div class='ocr_carea' id='block_1_4' title="bbox 336 737 1845 2240">
    <p class='ocr_par' dir='ltr' id='par_1_4' title="bbox 336 737 1845 2240">
     <span class='ocr_line' id='line_1_7' title="bbox 342 737 1844 794; baseline 0.001 -14"><span class='ocrx_word' id='word_1_51' title='bbox 342 737 511 788; x_wconf 80' lang='lat' dir='ltr'><strong>Quibus</strong></span> <span class='ocrx_word' id='word_1_52' title='bbox 537 737 598 780; x_wconf 91' lang='lat' dir='ltr'>sic</span> <span class='ocrx_word' id='word_1_53' title='bbox 627 739 745 790; x_wconf 85' lang='lat' dir='ltr'>actis,</span> <span class='ocrx_word' id='word_1_54' title='bbox 766 738 882 781; x_wconf 90' lang='lat' dir='ltr'>Sooti</span> <span class='ocrx_word' id='word_1_55' title='bbox 911 739 1118 790; x_wconf 89' lang='lat' dir='ltr'>Britones,</span> <span class='ocrx_word' id='word_1_56' title='bbox 1138 752 1236 781; x_wconf 89' lang='lat' dir='ltr'>cum</span> <span class='ocrx_word' id='word_1_57' title='bbox 1265 752 1342 781; x_wconf 89' lang='lat' dir='ltr'>suo</span> <span class='ocrx_word' id='word_1_58' title='bbox 1371 752 1477 794; x_wconf 89' lang='lat' dir='ltr'>rege,</span> <span class='ocrx_word' id='word_1_59' title='bbox 1502 738 1680 794; x_wconf 72' lang='lat' dir='ltr'>legibuS,</span> <span class='ocrx_word' id='word_1_60' title='bbox 1697 737 1844 794; x_wconf 87' lang='lat' dir='ltr'>lingua</span> 
     </span>
     <span class='ocr_line' id='line_1_8' title="bbox 342 796 1843 853; baseline 0.001 -16"><span class='ocrx_word' id='word_1_61' title='bbox 342 802 386 837; x_wconf 91' lang='lat' dir='ltr'>et</span> <span class='ocrx_word' id='word_1_62' title='bbox 414 796 614 847; x_wconf 88' lang='lat' dir='ltr'>moribus,</span> <span class='ocrx_word' id='word_1_63' title='bbox 634 796 686 840; x_wconf 90' lang='lat' dir='ltr'>de</span> <span class='ocrx_word' id='word_1_64' title='bbox 705 797 906 853; x_wconf 75' lang='lat' dir='ltr'>praedicta</span> <span class='ocrx_word' id='word_1_65' title='bbox 923 801 1042 852; x_wconf 85' lang='lat' dir='ltr'>parte</span> <span class='ocrx_word' id='word_1_66' title='bbox 1071 796 1223 839; x_wconf 86' lang='lat' dir='ltr'>insulae</span> <span class='ocrx_word' id='word_1_67' title='bbox 1242 796 1457 849; x_wconf 79' lang='lat' dir='ltr'>exulavit,</span> <span class='ocrx_word' id='word_1_68' title='bbox 1447 796 1478 822; x_wconf 77' lang='lat'>·³</span> <span class='ocrx_word' id='word_1_69' title='bbox 1507 796 1660 838; x_wconf 86' lang='lat' dir='ltr'><strong>exinde</strong></span> <span class='ocrx_word' id='word_1_70' title='bbox 1689 810 1843 839; x_wconf 89' lang='lat' dir='ltr'>nomen</span> 
     </span>
     <span class='ocr_line' id='line_1_9' title="bbox 340 854 1845 910; baseline 0.001 -15"><span class='ocrx_word' id='word_1_71' title='bbox 340 866 512 903; x_wconf 88' lang='lat' dir='ltr'>novum,</span> <span class='ocrx_word' id='word_1_72' title='bbox 524 867 555 896; x_wconf 88' lang='grc'>0.</span> <span class='ocrx_word' id='word_1_73' title='bbox 577 854 734 906; x_wconf 91' lang='lat' dir='ltr'>Scocia‚</span> <span class='ocrx_word' id='word_1_74' title='bbox 748 860 913 898; x_wconf 88' lang='lat' dir='ltr'>mutato</span> <span class='ocrx_word' id='word_1_75' title='bbox 932 854 1104 897; x_wconf 84' lang='lat' dir='ltr'>nominc</span> <span class='ocrx_word' id='word_1_76' title='bbox 1118 854 1322 905; x_wconf 87' lang='lat' dir='ltr'>Albaniae,</span> <span class='ocrx_word' id='word_1_77' title='bbox 1334 854 1386 897; x_wconf 91' lang='lat' dir='ltr'>de</span> <span class='ocrx_word' id='word_1_78' title='bbox 1405 858 1554 897; x_wconf 85' lang='lat' dir='ltr'>caetero</span> <span class='ocrx_word' id='word_1_79' title='bbox 1569 854 1744 910; x_wconf 86' lang='lat' dir='ltr'>accepit,</span> <span class='ocrx_word' id='word_1_80' title='bbox 1758 868 1845 897; x_wconf 90' lang='lat' dir='ltr'>una</span> 
     </span>
     <span class='ocr_line' id='line_1_10' title="bbox 340 911 1843 969; baseline 0.001 -16"><span class='ocrx_word' id='word_1_81' title='bbox 340 911 456 954; x_wconf 87' lang='lat' dir='ltr'>cum⁴</span> <span class='ocrx_word' id='word_1_82' title='bbox 476 911 696 955; x_wconf 78' lang='lat' dir='ltr'>Scotorum</span> <span class='ocrx_word' id='word_1_83' title='bbox 724 918 859 969; x_wconf 87' lang='lat' dir='ltr'>gente,</span> <span class='ocrx_word' id='word_1_84' title='bbox 878 912 1036 968; x_wconf 85' lang='lat' dir='ltr'>lingua,</span> <span class='ocrx_word' id='word_1_85' title='bbox 1054 912 1219 968; x_wconf 88' lang='lat' dir='ltr'>legibus</span> <span class='ocrx_word' id='word_1_86' title='bbox 1248 918 1292 955; x_wconf 88' lang='lat' dir='ltr'>et</span> <span class='ocrx_word' id='word_1_87' title='bbox 1320 912 1519 963; x_wconf 86' lang='lat' dir='ltr'>moribus,</span> <span class='ocrx_word' id='word_1_88' title='bbox 1539 912 1652 967; x_wconf 91' lang='lat' dir='ltr'>quod</span> <span class='ocrx_word' id='word_1_89' title='bbox 1681 912 1843 954; x_wconf 87' lang='lat' dir='ltr'>notorie</span> 
     </span>
     <span class='ocr_line' id='line_1_11' title="bbox 340 969 1843 1026; baseline 0 -15"><span class='ocrx_word' id='word_1_90' title='bbox 340 973 515 1025; x_wconf 90' lang='lat' dir='ltr'>apparet</span> <span class='ocrx_word' id='word_1_91' title='bbox 539 983 676 1026; x_wconf 86' lang='lat' dir='ltr'>usquc</span> <span class='ocrx_word' id='word_1_92' title='bbox 704 971 751 1013; x_wconf 91' lang='lat' dir='ltr'>in</span> <span class='ocrx_word' id='word_1_93' title='bbox 780 970 1033 1014; x_wconf 89' lang='lat' dir='ltr'>hodiernum</span> <span class='ocrx_word' id='word_1_94' title='bbox 1056 970 1181 1021; x_wconf 91' lang='lat' dir='ltr'>diem,</span> <span class='ocrx_word' id='word_1_95' title='bbox 1200 984 1298 1012; x_wconf 90' lang='grc'>011111</span> <span class='ocrx_word' id='word_1_96' title='bbox 1318 970 1505 1012; x_wconf 84' lang='grc'>(1011111110</span> <span class='ocrx_word' id='word_1_97' title='bbox 1535 969 1725 1024; x_wconf 83' lang='lat' dir='ltr'>ejusdem</span> <span class='ocrx_word' id='word_1_98' title='bbox 1752 970 1843 1025; x_wconf 92' lang='lat' dir='ltr'>ple-</span> 
     </span>
     <span class='ocr_line' id='line_1_12' title="bbox 340 1027 1844 1084; baseline 0.001 -16"><span class='ocrx_word' id='word_1_99' title='bbox 340 1028 456 1070; x_wconf 89' lang='lat' dir='ltr'>narie</span> <span class='ocrx_word' id='word_1_100' title='bbox 471 1040 680 1082; x_wconf 80' lang='lat' dir='ltr'>possesso3</span> <span class='ocrx_word' id='word_1_101' title='bbox 703 1028 859 1084; x_wconf 87' lang='lat' dir='ltr'>quibus</span> <span class='ocrx_word' id='word_1_102' title='bbox 878 1028 1012 1070; x_wconf 81' lang='lat' dir='ltr'><strong>nichil</strong></span> <span class='ocrx_word' id='word_1_103' title='bbox 1032 1042 1255 1071; x_wconf 89' lang='lat' dir='ltr'>commune</span> <span class='ocrx_word' id='word_1_104' title='bbox 1271 1042 1368 1070; x_wconf 88' lang='lat' dir='ltr'>cum</span> <span class='ocrx_word' id='word_1_105' title='bbox 1388 1028 1633 1070; x_wconf 89' lang='lat' dir='ltr'>Britonibus</span> <span class='ocrx_word' id='word_1_106' title='bbox 1652 1027 1844 1078; x_wconf 89' lang='lat' dir='ltr'>habetur,</span> 
     </span>
     <span class='ocr_line' id='line_1_13' title="bbox 340 1085 1844 1142; baseline 0.001 -15"><span class='ocrx_word' id='word_1_107' title='bbox 340 1098 439 1127; x_wconf 90' lang='lat' dir='ltr'>cum</span> <span class='ocrx_word' id='word_1_108' title='bbox 459 1099 535 1128; x_wconf 89' lang='lat' dir='ltr'>suo</span> <span class='ocrx_word' id='word_1_109' title='bbox 563 1100 660 1142; x_wconf 87' lang='lat' dir='ltr'>rege</span> <span class='ocrx_word' id='word_1_110' title='bbox 689 1090 733 1129; x_wconf 88' lang='lat' dir='ltr'>et</span> <span class='ocrx_word' id='word_1_111' title='bbox 752 1085 955 1129; x_wconf 86' lang='lat' dir='ltr'>dominio⁵</span> <span class='ocrx_word' id='word_1_112' title='bbox 974 1100 1084 1128; x_wconf 84' lang='lat' dir='ltr'>novo</span> <span class='ocrx_word' id='word_1_113' title='bbox 1105 1086 1335 1128; x_wconf 81' lang='lat' dir='ltr'>Scotorum.</span> <span class='ocrx_word' id='word_1_114' title='bbox 1394 1086 1451 1128; x_wconf 90' lang='lat' dir='ltr'>Et</span> <span class='ocrx_word' id='word_1_115' title='bbox 1470 1086 1560 1128; x_wconf 84' lang='lat' dir='ltr'>haec</span> <span class='ocrx_word' id='word_1_116' title='bbox 1586 1099 1684 1140; x_wconf 89' lang='lat' dir='ltr'>pars</span> <span class='ocrx_word' id='word_1_117' title='bbox 1713 1085 1844 1128; x_wconf 89' lang='lat' dir='ltr'>tercia</span> 
     </span>
     <span class='ocr_line' id='line_1_14' title="bbox 340 1143 1844 1200; baseline -0.001 -15"><span class='ocrx_word' id='word_1_118' title='bbox 340 1144 554 1194; x_wconf 85' lang='lat' dir='ltr'>Britaniae,</span> <span class='ocrx_word' id='word_1_119' title='bbox 574 1143 688 1187; x_wconf 87' lang='lat' dir='ltr'>dicta</span> <span class='ocrx_word' id='word_1_120' title='bbox 706 1144 825 1200; x_wconf 89' lang='lat' dir='ltr'>prius</span> <span class='ocrx_word' id='word_1_121' title='bbox 839 1144 894 1187; x_wconf 86' lang='lat' dir='ltr'>ab</span> <span class='ocrx_word' id='word_1_122' title='bbox 912 1144 1146 1186; x_wconf 88' lang='lat' dir='ltr'>Albanacto</span> <span class='ocrx_word' id='word_1_123' title='bbox 1166 1143 1360 1193; x_wconf 86' lang='lat' dir='ltr'>Albania,</span> <span class='ocrx_word' id='word_1_124' title='bbox 1380 1157 1433 1186; x_wconf 85' lang='lat' dir='ltr'>ex</span> <span class='ocrx_word' id='word_1_125' title='bbox 1453 1143 1523 1186; x_wconf 72' lang='lat' dir='ltr'>ex⁰</span> <span class='ocrx_word' id='word_1_126' title='bbox 1542 1148 1645 1185; x_wconf 89' lang='lat' dir='ltr'>tunc</span> <span class='ocrx_word' id='word_1_127' title='bbox 1664 1143 1844 1185; x_wconf 87' lang='lat' dir='ltr'>mutatis</span> 
     </span>
     <span class='ocr_line' id='line_1_15' title="bbox 339 1200 1842 1256; baseline 0 -14"><span class='ocrx_word' id='word_1_128' title='bbox 339 1201 586 1244; x_wconf 83' lang='lat' dir='ltr'>nominibus</span> <span class='ocrx_word' id='word_1_129' title='bbox 624 1206 677 1245; x_wconf 87' lang='lat' dir='ltr'>et.</span> <span class='ocrx_word' id='word_1_130' title='bbox 702 1202 1020 1244; x_wconf 84' lang='lat' dir='ltr'>condicionibus</span> <span class='ocrx_word' id='word_1_131' title='bbox 1054 1206 1203 1244; x_wconf 87' lang='lat' dir='ltr'>vocata</span> <span class='ocrx_word' id='word_1_132' title='bbox 1241 1204 1307 1243; x_wconf 86' lang='lat' dir='ltr'>est</span> <span class='ocrx_word' id='word_1_133' title='bbox 1341 1201 1499 1252; x_wconf 88' lang='lat' dir='ltr'>Scocia,</span> <span class='ocrx_word' id='word_1_134' title='bbox 1534 1200 1648 1256; x_wconf 92' lang='lat' dir='ltr'>quod</span> <span class='ocrx_word' id='word_1_135' title='bbox 1686 1214 1842 1243; x_wconf 88' lang='lat' dir='ltr'>nomen</span> 
     </span>
     <span class='ocr_line' id='line_1_16' title="bbox 338 1258 1841 1314; baseline -0.001 -13"><span class='ocrx_word' id='word_1_136' title='bbox 338 1263 487 1314; x_wconf 85' lang='lat' dir='ltr'>postca</span> <span class='ocrx_word' id='word_1_137' title='bbox 514 1258 594 1302; x_wconf 86' lang='lat' dir='ltr'>hac</span> <span class='ocrx_word' id='word_1_138' title='bbox 614 1259 667 1302; x_wconf 92' lang='grc'>(10</span> <span class='ocrx_word' id='word_1_139' title='bbox 688 1274 814 1302; x_wconf 86' lang='grc'>001100</span> <span class='ocrx_word' id='word_1_140' title='bbox 839 1260 1087 1302; x_wconf 85' lang='lat' dir='ltr'>inconcusse</span> <span class='ocrx_word' id='word_1_141' title='bbox 1107 1272 1272 1314; x_wconf 86' lang='lat' dir='ltr'>semper</span> <span class='ocrx_word' id='word_1_142' title='bbox 1290 1258 1430 1301; x_wconf 88' lang='lat' dir='ltr'>tenuit</span> <span class='ocrx_word' id='word_1_143' title='bbox 1456 1263 1499 1301; x_wconf 89' lang='lat' dir='ltr'>et</span> <span class='ocrx_word' id='word_1_144' title='bbox 1527 1258 1841 1300; x_wconf 85' lang='lat' dir='ltr'>inviolabiliter.</span> 
     </span>
     <span class='ocr_line' id='line_1_17' title="bbox 339 1316 1841 1372; baseline 0 -14"><span class='ocrx_word' id='word_1_145' title='bbox 339 1316 424 1359; x_wconf 85' lang='lat' dir='ltr'>Sed</span> <span class='ocrx_word' id='word_1_146' title='bbox 443 1316 524 1359; x_wconf 91' lang='lat' dir='ltr'>hoc</span> <span class='ocrx_word' id='word_1_147' title='bbox 552 1320 697 1360; x_wconf 90' lang='lat' dir='ltr'>tamen</span> <span class='ocrx_word' id='word_1_148' title='bbox 726 1318 817 1360; x_wconf 87' lang='lat' dir='ltr'>sinc</span> <span class='ocrx_word' id='word_1_149' title='bbox 837 1331 964 1360; x_wconf 89' lang='lat' dir='ltr'>causa</span> <span class='ocrx_word' id='word_1_150' title='bbox 990 1331 1066 1359; x_wconf 88' lang='lat' dir='ltr'>rex</span> <span class='ocrx_word' id='word_1_151' title='bbox 1085 1316 1264 1359; x_wconf 88' lang='lat' dir='ltr'>scribere</span> <span class='ocrx_word' id='word_1_152' title='bbox 1284 1330 1371 1358; x_wconf 93' lang='lat' dir='ltr'>non</span> <span class='ocrx_word' id='word_1_153' title='bbox 1390 1317 1544 1372; x_wconf 81' lang='lat' dir='ltr'>omisit,</span> <span class='ocrx_word' id='word_1_154' title='bbox 1564 1330 1612 1359; x_wconf 91' lang='grc'>00</span> <span class='ocrx_word' id='word_1_155' title='bbox 1632 1316 1746 1371; x_wconf 90' lang='lat' dir='ltr'>quod</span> <span class='ocrx_word' id='word_1_156' title='bbox 1765 1330 1841 1358; x_wconf 87' lang='lat' dir='ltr'>suo</span> 
     </span>
     <span class='ocr_line' id='line_1_18' title="bbox 338 1374 1842 1430; baseline 0 -15"><span class='ocrx_word' id='word_1_157' title='bbox 338 1374 554 1429; x_wconf 88' lang='lat' dir='ltr'>proposito</span> <span class='ocrx_word' id='word_1_158' title='bbox 587 1375 735 1430; x_wconf 89' lang='lat' dir='ltr'>pocius</span> <span class='ocrx_word' id='word_1_159' title='bbox 766 1375 936 1417; x_wconf 87' lang='lat' dir='ltr'>obviare</span> <span class='ocrx_word' id='word_1_160' title='bbox 967 1388 1096 1430; x_wconf 90' lang='lat' dir='ltr'>quam</span> <span class='ocrx_word' id='word_1_161' title='bbox 1127 1388 1356 1417; x_wconf 89' lang='lat' dir='ltr'>consonare</span> <span class='ocrx_word' id='word_1_162' title='bbox 1395 1374 1598 1430; x_wconf 86' lang='lat' dir='ltr'>concepit.</span> <span class='ocrx_word' id='word_1_163' title='bbox 1660 1374 1842 1429; x_wconf 90' lang='lat' dir='ltr'>Insuper</span> 
     </span>
     <span class='ocr_line' id='line_1_19' title="bbox 338 1431 1841 1488; baseline 0 -14"><span class='ocrx_word' id='word_1_164' title='bbox 338 1431 467 1483; x_wconf 88' lang='lat' dir='ltr'>Scoti‚</span> <span class='ocrx_word' id='word_1_165' title='bbox 486 1446 562 1488; x_wconf 86' lang='lat' dir='ltr'>per</span> <span class='ocrx_word' id='word_1_166' title='bbox 583 1432 664 1476; x_wconf 92' lang='lat' dir='ltr'>hoc</span> <span class='ocrx_word' id='word_1_167' title='bbox 692 1433 857 1475; x_wconf 90' lang='lat' dir='ltr'>inimici</span> <span class='ocrx_word' id='word_1_168' title='bbox 887 1432 1134 1475; x_wconf 88' lang='lat' dir='ltr'>Britonibus</span> <span class='ocrx_word' id='word_1_169' title='bbox 1164 1432 1279 1482; x_wconf 87' lang='lat' dir='ltr'>facti,</span> <span class='ocrx_word' id='word_1_170' title='bbox 1309 1432 1525 1474; x_wconf 85' lang='lat' dir='ltr'>associatis</span> <span class='ocrx_word' id='word_1_171' title='bbox 1555 1431 1638 1474; x_wconf 91' lang='lat' dir='ltr'>sibi</span> <span class='ocrx_word' id='word_1_172' title='bbox 1667 1431 1841 1474; x_wconf 89' lang='lat' dir='ltr'>advenis</span> 
     </span>
     <span class='ocr_line' id='line_1_20' title="bbox 338 1489 1841 1546; baseline 0 -15"><span class='ocrx_word' id='word_1_173' title='bbox 338 1489 556 1532; x_wconf 85' lang='lat' dir='ltr'>Pictorum</span> <span class='ocrx_word' id='word_1_174' title='bbox 589 1490 772 1546; x_wconf 84' lang='lat' dir='ltr'>populis,</span> <span class='ocrx_word' id='word_1_175' title='bbox 800 1489 975 1545; x_wconf 63' lang='lat' dir='ltr'>partita!</span> <span class='ocrx_word' id='word_1_176' title='bbox 1004 1504 1103 1532; x_wconf 88' lang='grc'>011111</span> <span class='ocrx_word' id='word_1_177' title='bbox 1136 1490 1197 1532; x_wconf 89' lang='grc'>010</span> <span class='ocrx_word' id='word_1_178' title='bbox 1226 1503 1309 1544; x_wconf 89' lang='lat' dir='ltr'>quc</span> <span class='ocrx_word' id='word_1_179' title='bbox 1340 1490 1402 1532; x_wconf 90' lang='lat' dir='ltr'>sic</span> <span class='ocrx_word' id='word_1_180' title='bbox 1435 1490 1590 1545; x_wconf 89' lang='lat' dir='ltr'>adepta</span> <span class='ocrx_word' id='word_1_181' title='bbox 1620 1492 1731 1531; x_wconf 89' lang='lat' dir='ltr'>terra</span> <span class='ocrx_word' id='word_1_182' title='bbox 1765 1502 1841 1531; x_wconf 89' lang='lat' dir='ltr'>sua</span> 
     </span>
     <span class='ocr_line' id='line_1_21' title="bbox 339 1546 1843 1604; baseline -0.001 -15"><span class='ocrx_word' id='word_1_183' title='bbox 339 1547 498 1598; x_wconf 88' lang='lat' dir='ltr'>Scocia,</span> <span class='ocrx_word' id='word_1_184' title='bbox 517 1547 564 1589; x_wconf 91' lang='lat' dir='ltr'>in</span> <span class='ocrx_word' id='word_1_185' title='bbox 583 1552 753 1591; x_wconf 91' lang='lat' dir='ltr'>tantum</span> <span class='ocrx_word' id='word_1_186' title='bbox 782 1552 885 1591; x_wconf 85' lang='lat' dir='ltr'>sunt</span> <span class='ocrx_word' id='word_1_187' title='bbox 912 1548 1205 1604; x_wconf 84' lang='lat' dir='ltr'>posteritatem</span> <span class='ocrx_word' id='word_1_188' title='bbox 1234 1548 1459 1589; x_wconf 88' lang='lat' dir='ltr'>Britonum</span> <span class='ocrx_word' id='word_1_189' title='bbox 1487 1546 1708 1603; x_wconf 87' lang='lat' dir='ltr'>persecuti,</span> <span class='ocrx_word' id='word_1_190' title='bbox 1728 1547 1843 1602; x_wconf 88' lang='lat' dir='ltr'>quod</span> 
     </span>
     <span class='ocr_line' id='line_1_22' title="bbox 336 1604 1842 1660; baseline -0.001 -12"><span class='ocrx_word' id='word_1_191' title='bbox 336 1610 503 1660; x_wconf 89' lang='lat' dir='ltr'>partem</span> <span class='ocrx_word' id='word_1_192' title='bbox 530 1605 653 1648; x_wconf 90' lang='lat' dir='ltr'>illam</span> <span class='ocrx_word' id='word_1_193' title='bbox 681 1606 810 1648; x_wconf 83' lang='lat' dir='ltr'>aliam</span> <span class='ocrx_word' id='word_1_194' title='bbox 840 1605 1054 1657; x_wconf 90' lang='lat' dir='ltr'>Britaniae,</span> <span class='ocrx_word' id='word_1_195' title='bbox 1084 1605 1166 1647; x_wconf 91' lang='lat' dir='ltr'>sibi</span> <span class='ocrx_word' id='word_1_196' title='bbox 1195 1604 1394 1656; x_wconf 84' lang='lat' dir='ltr'>vicinam,</span> <span class='ocrx_word' id='word_1_197' title='bbox 1424 1619 1519 1660; x_wconf 86' lang='lat' dir='ltr'>quae</span> <span class='ocrx_word' id='word_1_198' title='bbox 1547 1610 1651 1647; x_wconf 90' lang='lat' dir='ltr'>tunc</span> <span class='ocrx_word' id='word_1_199' title='bbox 1681 1604 1842 1660; x_wconf 86' lang='lat' dir='ltr'>Logria‚</span> 
     </span>
     <span class='ocr_line' id='line_1_23' title="bbox 338 1662 1842 1720; baseline -0.001 -16"><span class='ocrx_word' id='word_1_200' title='bbox 338 1676 455 1705; x_wconf 87' lang='lat' dir='ltr'>nunc</span> <span class='ocrx_word' id='word_1_201' title='bbox 482 1676 581 1705; x_wconf 86' lang='lat' dir='ltr'>vero</span> <span class='ocrx_word' id='word_1_202' title='bbox 609 1663 794 1720; x_wconf 82' lang='lat' dir='ltr'>Anglia,⁸</span> <span class='ocrx_word' id='word_1_203' title='bbox 812 1663 979 1714; x_wconf 89' lang='lat' dir='ltr'>dicitur,</span> <span class='ocrx_word' id='word_1_204' title='bbox 1008 1663 1235 1706; x_wconf 89' lang='lat' dir='ltr'>hostilibus</span> <span class='ocrx_word' id='word_1_205' title='bbox 1264 1663 1504 1706; x_wconf 85' lang='lat' dir='ltr'>incursibus</span> <span class='ocrx_word' id='word_1_206' title='bbox 1533 1663 1596 1705; x_wconf 86' lang='lat' dir='ltr'>ita</span> <span class='ocrx_word' id='word_1_207' title='bbox 1624 1662 1842 1704; x_wconf 80' lang='lat' dir='ltr'>infestavit</span> 
     </span>
     <span class='ocr_line' id='line_1_24' title="bbox 338 1720 1843 1777; baseline 0 -15"><span class='ocrx_word' id='word_1_208' title='bbox 338 1725 383 1762; x_wconf 91' lang='lat' dir='ltr'>et</span> <span class='ocrx_word' id='word_1_209' title='bbox 403 1721 660 1773; x_wconf 83' lang='lat' dir='ltr'>molestavit,</span> <span class='ocrx_word' id='word_1_210' title='bbox 675 1721 791 1777; x_wconf 92' lang='lat' dir='ltr'>quod</span> <span class='ocrx_word' id='word_1_211' title='bbox 811 1721 1020 1777; x_wconf 90' lang='lat' dir='ltr'>compulsi</span> <span class='ocrx_word' id='word_1_212' title='bbox 1040 1724 1141 1763; x_wconf 87' lang='lat' dir='ltr'>su-nt</span> <span class='ocrx_word' id='word_1_213' title='bbox 1159 1724 1264 1763; x_wconf 88' lang='lat' dir='ltr'>tunc</span> <span class='ocrx_word' id='word_1_214' title='bbox 1283 1721 1490 1772; x_wconf 86' lang='lat' dir='ltr'>Britones,</span> <span class='ocrx_word' id='word_1_215' title='bbox 1505 1721 1696 1776; x_wconf 88' lang='lat' dir='ltr'>ejusdem</span> <span class='ocrx_word' id='word_1_216' title='bbox 1709 1720 1843 1775; x_wconf 86' lang='lat' dir='ltr'>partis</span> 
     </span>
     <span class='ocr_line' id='line_1_25' title="bbox 336 1777 1842 1831; baseline -0.001 -11"><span class='ocrx_word' id='word_1_217' title='bbox 336 1778 607 1831; x_wconf 86' lang='lat' dir='ltr'>habitatores,</span> <span class='ocrx_word' id='word_1_218' title='bbox 627 1793 672 1822; x_wconf 87' lang='lat' dir='ltr'>se</span> <span class='ocrx_word' id='word_1_219' title='bbox 690 1780 850 1822; x_wconf 87' lang='lat' dir='ltr'>tributo</span> <span class='ocrx_word' id='word_1_220' title='bbox 871 1783 1031 1822; x_wconf 85' lang='lat' dir='ltr'>statuto</span> <span class='ocrx_word' id='word_1_221' title='bbox 1052 1779 1254 1822; x_wconf 90' lang='lat' dir='ltr'>Romanis</span> <span class='ocrx_word' id='word_1_222' title='bbox 1274 1778 1477 1830; x_wconf 85' lang='lat' dir='ltr'>subicere,</span> <span class='ocrx_word' id='word_1_223' title='bbox 1492 1783 1535 1821; x_wconf 88' lang='lat' dir='ltr'>et</span> <span class='ocrx_word' id='word_1_224' title='bbox 1555 1792 1699 1821; x_wconf 91' lang='lat' dir='ltr'>eorum</span> <span class='ocrx_word' id='word_1_225' title='bbox 1719 1777 1842 1819; x_wconf 89' lang='lat' dir='ltr'>auxi-</span> 
     </span>
     <span class='ocr_line' id='line_1_26' title="bbox 336 1835 1840 1891; baseline -0.001 -13"><span class='ocrx_word' id='word_1_226' title='bbox 336 1835 446 1878; x_wconf 91' lang='lat' dir='ltr'>lium</span> <span class='ocrx_word' id='word_1_227' title='bbox 465 1842 614 1880; x_wconf 89' lang='lat' dir='ltr'>contra</span> <span class='ocrx_word' id='word_1_228' title='bbox 634 1837 857 1880; x_wconf 86' lang='lat' dir='ltr'>Scotorum</span> <span class='ocrx_word' id='word_1_229' title='bbox 876 1842 920 1880; x_wconf 87' lang='lat' dir='ltr'>et</span> <span class='ocrx_word' id='word_1_230' title='bbox 939 1838 1156 1880; x_wconf 90' lang='lat' dir='ltr'>Pictorum</span> <span class='ocrx_word' id='word_1_231' title='bbox 1175 1836 1361 1879; x_wconf 81' lang='lat' dir='ltr'>insultus</span> <span class='ocrx_word' id='word_1_232' title='bbox 1385 1837 1603 1879; x_wconf 86' lang='lat' dir='ltr'>invocare:</span> <span class='ocrx_word' id='word_1_233' title='bbox 1634 1836 1695 1878; x_wconf 91' lang='lat' dir='ltr'>ita</span> <span class='ocrx_word' id='word_1_234' title='bbox 1715 1835 1840 1891; x_wconf 90' lang='lat' dir='ltr'>quod,</span> 
     </span>
     <span class='ocr_line' id='line_1_27' title="bbox 336 1893 1841 1951; baseline -0.001 -15"><span class='ocrx_word' id='word_1_235' title='bbox 336 1897 525 1949; x_wconf 86' lang='lat' dir='ltr'>tempore</span> <span class='ocrx_word' id='word_1_236' title='bbox 542 1895 687 1938; x_wconf 85' lang='lat' dir='ltr'>Severi</span> <span class='ocrx_word' id='word_1_237' title='bbox 706 1895 982 1951; x_wconf 86' lang='lat' dir='ltr'>imperatoris,</span> <span class='ocrx_word' id='word_1_238' title='bbox 1001 1895 1142 1937; x_wconf 88' lang='lat' dir='ltr'>missae</span> <span class='ocrx_word' id='word_1_239' title='bbox 1158 1896 1264 1936; x_wconf 86' lang='lat' dir='ltr'>sunt</span> <span class='ocrx_word' id='word_1_240' title='bbox 1291 1894 1351 1936; x_wconf 85' lang='lat' dir='ltr'>eis</span> <span class='ocrx_word' id='word_1_241' title='bbox 1371 1894 1418 1936; x_wconf 89' lang='lat' dir='ltr'>in</span> <span class='ocrx_word' id='word_1_242' title='bbox 1438 1893 1674 1936; x_wconf 90' lang='lat' dir='ltr'>subsidium</span> <span class='ocrx_word' id='word_1_243' title='bbox 1695 1896 1841 1935; x_wconf 86' lang='lat' dir='ltr'>contra</span> 
     </span>
     <span class='ocr_line' id='line_1_28' title="bbox 339 1951 1839 2007; baseline -0.001 -13"><span class='ocrx_word' id='word_1_244' title='bbox 339 1952 486 1995; x_wconf 89' lang='lat' dir='ltr'>Scotos</span> <span class='ocrx_word' id='word_1_245' title='bbox 516 1956 559 1995; x_wconf 90' lang='lat' dir='ltr'>et</span> <span class='ocrx_word' id='word_1_246' title='bbox 588 1953 730 1996; x_wconf 85' lang='lat' dir='ltr'>Pictos</span> <span class='ocrx_word' id='word_1_247' title='bbox 760 1958 884 1996; x_wconf 83' lang='lat' dir='ltr'>certae</span> <span class='ocrx_word' id='word_1_248' title='bbox 919 1954 1204 1995; x_wconf 86' lang='lat' dir='ltr'>Romanorum</span> <span class='ocrx_word' id='word_1_249' title='bbox 1235 1952 1431 2007; x_wconf 87' lang='lat' dir='ltr'>legiones,</span> <span class='ocrx_word' id='word_1_250' title='bbox 1461 1951 1515 1994; x_wconf 85' lang='lat' dir='ltr'>ad</span> <span class='ocrx_word' id='word_1_251' title='bbox 1545 1965 1667 1994; x_wconf 86' lang='lat' dir='ltr'>suam</span> <span class='ocrx_word' id='word_1_252' title='bbox 1696 1951 1839 1993; x_wconf 85' lang='lat' dir='ltr'>defen-</span> 
     </span>
     <span class='ocr_line' id='line_1_29' title="bbox 336 2009 1839 2066; baseline -0.001 -15"><span class='ocrx_word' id='word_1_253' title='bbox 336 2009 512 2061; x_wconf 84' lang='lat' dir='ltr'>sionem,</span> <span class='ocrx_word' id='word_1_254' title='bbox 525 2011 600 2066; x_wconf 85' lang='lat' dir='ltr'>qui</span> <span class='ocrx_word' id='word_1_255' title='bbox 619 2024 789 2053; x_wconf 89' lang='lat' dir='ltr'>murum</span> <span class='ocrx_word' id='word_1_256' title='bbox 808 2011 934 2052; x_wconf 91' lang='lat' dir='ltr'>illum</span> <span class='ocrx_word' id='word_1_257' title='bbox 953 2010 1301 2065; x_wconf 80' lang='lat' dir='ltr'>antiquissimum</span> <span class='ocrx_word' id='word_1_258' title='bbox 1320 2009 1547 2065; x_wconf 86' lang='lat' dir='ltr'>lapideum,</span> <span class='ocrx_word' id='word_1_259' title='bbox 1562 2023 1637 2064; x_wconf 88' lang='lat' dir='ltr'>per</span> <span class='ocrx_word' id='word_1_260' title='bbox 1655 2009 1839 2051; x_wconf 89' lang='lat' dir='ltr'>mediam</span> 
     </span>
     <span class='ocr_line' id='line_1_30' title="bbox 337 2067 1840 2124; baseline -0.001 -15"><span class='ocrx_word' id='word_1_261' title='bbox 337 2067 575 2114; x_wconf 85' lang='lat' dir='ltr'>Britaniam</span> <span class='ocrx_word' id='word_1_262' title='bbox 605 2082 631 2111; x_wconf 91' lang='lat' dir='ltr'>a</span> <span class='ocrx_word' id='word_1_263' title='bbox 658 2069 766 2111; x_wconf 88' lang='lat' dir='ltr'>mari</span> <span class='ocrx_word' id='word_1_264' title='bbox 794 2082 930 2124; x_wconf 85' lang='lat' dir='ltr'>usque</span> <span class='ocrx_word' id='word_1_265' title='bbox 960 2068 1014 2110; x_wconf 91' lang='lat' dir='ltr'>ad</span> <span class='ocrx_word' id='word_1_266' title='bbox 1042 2081 1157 2111; x_wconf 88' lang='lat' dir='ltr'>mare</span> <span class='ocrx_word' id='word_1_267' title='bbox 1186 2082 1233 2114; x_wconf 83' lang='lat' dir='ltr'>sc</span> <span class='ocrx_word' id='word_1_268' title='bbox 1258 2067 1574 2118; x_wconf 80' lang='lat' dir='ltr'>extendentem,</span> <span class='ocrx_word' id='word_1_269' title='bbox 1602 2067 1795 2110; x_wconf 87' lang='lat' dir='ltr'>Scociam</span> <span class='ocrx_word' id='word_1_270' title='bbox 1814 2080 1840 2108; x_wconf 88' lang='lat' dir='ltr'>a</span> 
     </span>
     <span class='ocr_line' id='line_1_31' title="bbox 338 2126 1838 2182; baseline -0.001 -15"><span class='ocrx_word' id='word_1_271' title='bbox 338 2126 514 2182; x_wconf 85' lang='lat' dir='ltr'>Loegria</span> <span class='ocrx_word' id='word_1_272' title='bbox 547 2126 819 2177; x_wconf 86' lang='lat' dir='ltr'>dividentem,</span> <span class='ocrx_word' id='word_1_273' title='bbox 857 2130 1196 2176; x_wconf 87' lang='lat' dir='ltr'>construxerunt,</span> <span class='ocrx_word' id='word_1_274' title='bbox 1226 2139 1324 2168; x_wconf 89' lang='lat' dir='ltr'>cum</span> <span class='ocrx_word' id='word_1_275' title='bbox 1358 2126 1492 2168; x_wconf 87' lang='lat' dir='ltr'>foveis</span> <span class='ocrx_word' id='word_1_276' title='bbox 1525 2130 1624 2168; x_wconf 88' lang='lat' dir='ltr'>ante</span> <span class='ocrx_word' id='word_1_277' title='bbox 1657 2138 1838 2175; x_wconf 89' lang='lat' dir='ltr'>murum,</span> 
     </span>
     <span class='ocr_line' id='line_1_32' title="bbox 337 2181 1837 2240; baseline -0.001 -15"><span class='ocrx_word' id='word_1_278' title='bbox 337 2183 505 2226; x_wconf 86' lang='lat' dir='ltr'>fossatis</span> <span class='ocrx_word' id='word_1_279' title='bbox 526 2189 569 2226; x_wconf 89' lang='lat' dir='ltr'>et</span> <span class='ocrx_word' id='word_1_280' title='bbox 585 2185 787 2235; x_wconf 85' lang='lat' dir='ltr'>turribus,</span> <span class='ocrx_word' id='word_1_281' title='bbox 806 2189 851 2228; x_wconf 91' lang='lat' dir='ltr'>et</span> <span class='ocrx_word' id='word_1_282' title='bbox 869 2184 1003 2240; x_wconf 90' lang='lat' dir='ltr'>portis</span> <span class='ocrx_word' id='word_1_283' title='bbox 1027 2187 1173 2226; x_wconf 85' lang='lat' dir='ltr'>contra</span> <span class='ocrx_word' id='word_1_284' title='bbox 1202 2184 1347 2226; x_wconf 86' lang='lat' dir='ltr'>Scotos</span> <span class='ocrx_word' id='word_1_285' title='bbox 1368 2187 1412 2226; x_wconf 92' lang='lat' dir='ltr'>ct</span> <span class='ocrx_word' id='word_1_286' title='bbox 1431 2183 1572 2225; x_wconf 85' lang='lat' dir='ltr'>Pictos</span> <span class='ocrx_word' id='word_1_287' title='bbox 1603 2181 1837 2225; x_wconf 87' lang='lat' dir='ltr'>claudenti-</span> 
     </span>
    </p>
   </div>
   <div class='ocr_carea' id='block_1_5' title="bbox 255 2240 1837 2298">
    <p class='ocr_par' dir='ltr' id='par_1_5' title="bbox 255 2240 1837 2298">
     <span class='ocr_line' id='line_1_33' title="bbox 255 2240 1837 2298; baseline -0.001 -15"><span class='ocrx_word' id='word_1_288' title='bbox 255 2263 259 2266; x_wconf 91' lang='lat'>·</span> <span class='ocrx_word' id='word_1_289' title='bbox 337 2241 417 2283; x_wconf 88' lang='lat' dir='ltr'>bus</span> <span class='ocrx_word' id='word_1_290' title='bbox 441 2246 484 2284; x_wconf 86' lang='lat' dir='ltr'>ct</span> <span class='ocrx_word' id='word_1_291' title='bbox 511 2242 699 2293; x_wconf 83' lang='lat' dir='ltr'>firmatis,</span> <span class='ocrx_word' id='word_1_292' title='bbox 717 2241 1015 2298; x_wconf 86' lang='lat' dir='ltr'>longitudinis⁹</span> <span class='ocrx_word' id='word_1_293' title='bbox 1035 2245 1207 2288; x_wconf 82' lang='lat' dir='ltr'>centum</span> <span class='ocrx_word' id='word_1_294' title='bbox 1235 2255 1325 2283; x_wconf 87' lang='lat' dir='ltr'>xxx</span> <span class='ocrx_word' id='word_1_295' title='bbox 1355 2240 1627 2283; x_wconf 80' lang='lat' dir='ltr'>milliarium:</span> <span class='ocrx_word' id='word_1_296' title='bbox 1658 2253 1837 2295; x_wconf 90' lang='lat' dir='ltr'>quorum</span> 
     </span>
    </p>
   </div>
   <div class='ocr_carea' id='block_1_6' title="bbox 335 2298 1838 2529">
    <p class='ocr_par' dir='ltr' id='par_1_6' title="bbox 335 2298 1838 2529">
     <span class='ocr_line' id='line_1_34' title="bbox 336 2298 1837 2356; baseline -0.001 -16"><span class='ocrx_word' id='word_1_297' title='bbox 336 2311 553 2341; x_wconf 86' lang='lat' dir='ltr'>murorum</span> <span class='ocrx_word' id='word_1_298' title='bbox 566 2300 746 2356; x_wconf 84' lang='lat' dir='ltr'>vestigia</span> <span class='ocrx_word' id='word_1_299' title='bbox 764 2314 900 2356; x_wconf 89' lang='lat' dir='ltr'>usque</span> <span class='ocrx_word' id='word_1_300' title='bbox 914 2298 995 2343; x_wconf 89' lang='lat' dir='ltr'>in¹⁰</span> <span class='ocrx_word' id='word_1_301' title='bbox 1008 2299 1259 2342; x_wconf 84' lang='lat' dir='ltr'>hodiernum</span> <span class='ocrx_word' id='word_1_302' title='bbox 1274 2298 1388 2341; x_wconf 85' lang='lat' dir='ltr'>diem</span> <span class='ocrx_word' id='word_1_303' title='bbox 1402 2299 1624 2341; x_wconf 84' lang='lat' dir='ltr'>manifeste</span> <span class='ocrx_word' id='word_1_304' title='bbox 1639 2310 1837 2353; x_wconf 88' lang='lat' dir='ltr'>apparere</span> 
     </span>
     <span class='ocr_line' id='line_1_35' title="bbox 336 2353 1838 2413; baseline -0.002 -15"><span class='ocrx_word' id='word_1_305' title='bbox 336 2361 537 2410; x_wconf 87' lang='lat' dir='ltr'>poterunt</span> <span class='ocrx_word' id='word_1_306' title='bbox 569 2358 846 2401; x_wconf 86' lang='lat' dir='ltr'>intuentibus.</span> <span class='ocrx_word' id='word_1_307' title='bbox 905 2359 973 2400; x_wconf 90' lang='lat' dir='ltr'>De</span> <span class='ocrx_word' id='word_1_308' title='bbox 1002 2357 1157 2413; x_wconf 86' lang='lat' dir='ltr'>quibus</span> <span class='ocrx_word' id='word_1_309' title='bbox 1191 2355 1421 2399; x_wconf 83' lang='lat' dir='ltr'>omnibus¹¹</span> <span class='ocrx_word' id='word_1_310' title='bbox 1452 2356 1554 2398; x_wconf 88' lang='lat' dir='ltr'>satis</span> <span class='ocrx_word' id='word_1_311' title='bbox 1582 2353 1838 2397; x_wconf 57' lang='lat' dir='ltr'>manifestem</span> 
     </span>
     <span class='ocr_line' id='line_1_36' title="bbox 336 2411 1835 2480; baseline -0.001 -26"><span class='ocrx_word' id='word_1_312' title='bbox 336 2414 525 2480; x_wconf 79' lang='lat' dir='ltr'>cognicio</span> <span class='ocrx_word' id='word_1_313' title='bbox 553 2416 600 2457; x_wconf 91' lang='lat' dir='ltr'>in</span> <span class='ocrx_word' id='word_1_314' title='bbox 628 2415 816 2459; x_wconf 86' lang='lat' dir='ltr'>historiis</span> <span class='ocrx_word' id='word_1_315' title='bbox 836 2430 920 2458; x_wconf 90' lang='lat' dir='ltr'>non</span> <span class='ocrx_word' id='word_1_316' title='bbox 951 2415 1171 2471; x_wconf 85' lang='lat' dir='ltr'>suspectis,</span> <span class='ocrx_word' id='word_1_317' title='bbox 1190 2415 1303 2457; x_wconf 86' lang='lat' dir='ltr'>sicut</span> <span class='ocrx_word' id='word_1_318' title='bbox 1329 2428 1385 2457; x_wconf 86' lang='lat' dir='ltr'>ex</span> <span class='ocrx_word' id='word_1_319' title='bbox 1404 2414 1688 2456; x_wconf 87' lang='lat' dir='ltr'>Romanorum</span> <span class='ocrx_word' id='word_1_320' title='bbox 1706 2411 1835 2454; x_wconf 89' lang='lat' dir='ltr'>vesti-</span> 
     </span>
     <span class='ocr_line' id='line_1_37' title="bbox 335 2470 1150 2529; baseline 0.004 -16"><span class='ocrx_word' id='word_1_321' title='bbox 335 2470 417 2526; x_wconf 89' lang='grc'>3110</span> <span class='ocrx_word' id='word_1_322' title='bbox 436 2471 674 2515; x_wconf 89' lang='lat' dir='ltr'>luculenter</span> <span class='ocrx_word' id='word_1_323' title='bbox 691 2474 958 2516; x_wconf 89' lang='lat' dir='ltr'>intuentibus</span> <span class='ocrx_word' id='word_1_324' title='bbox 978 2473 1150 2529; x_wconf 86' lang='lat' dir='ltr'>patebit.</span> 
     </span>
    </p>
   </div>
   <div class='ocr_carea' id='block_1_7' title="bbox 400 2622 1280 2666">
    <p class='ocr_par' dir='ltr' id='par_1_7' title="bbox 400 2622 1280 2666">
     <span class='ocr_line' id='line_1_38' title="bbox 400 2622 1280 2666; baseline 0 -10"><span class='ocrx_word' id='word_1_325' title='bbox 400 2622 414 2645; x_wconf 92' lang='lat'>¹</span> <span class='ocrx_word' id='word_1_326' title='bbox 430 2623 469 2657; x_wconf 84' lang='lat' dir='ltr'>O.</span> <span class='ocrx_word' id='word_1_327' title='bbox 486 2623 526 2656; x_wconf 83' lang='lat' dir='ltr'>E.</span> <span class='ocrx_word' id='word_1_328' title='bbox 544 2625 653 2666; x_wconf 79' lang='lat' dir='ltr'>parte.</span> <span class='ocrx_word' id='word_1_329' title='bbox 841 2622 910 2657; x_wconf 68' lang='lat'>²3.</span> <span class='ocrx_word' id='word_1_330' title='bbox 929 2626 1026 2657; x_wconf 74' lang='lat' dir='ltr'>omits</span> <span class='ocrx_word' id='word_1_331' title='bbox 1041 2623 1135 2656; x_wconf 82' lang='lat' dir='ltr'>unde</span> <span class='ocrx_word' id='word_1_332' title='bbox 1151 2634 1280 2657; x_wconf 80' lang='lat' dir='ltr'>versus.</span> 
     </span>
    </p>
   </div>
   <div class='ocr_carea' id='block_1_8' title="bbox 397 2667 1727 2808">
    <p class='ocr_par' dir='ltr' id='par_1_8' title="bbox 397 2667 1727 2808">
     <span class='ocr_line' id='line_1_39' title="bbox 398 2667 1634 2713; baseline -0.003 -9"><span class='ocrx_word' id='word_1_333' title='bbox 398 2669 413 2693; x_wconf 79' lang='lat'>³</span> <span class='ocrx_word' id='word_1_334' title='bbox 429 2670 471 2704; x_wconf 93' lang='lat' dir='ltr'>D.</span> <span class='ocrx_word' id='word_1_335' title='bbox 489 2670 610 2703; x_wconf 85' lang='lat' dir='ltr'>exulat</span> <span class='ocrx_word' id='word_1_336' title='bbox 625 2670 752 2704; x_wconf 77' lang='lat' dir='ltr'>altered</span> <span class='ocrx_word' id='word_1_337' title='bbox 756 2670 856 2713; x_wconf 88' lang='lat' dir='ltr'>srom</span> <span class='ocrx_word' id='word_1_338' title='bbox 871 2670 1037 2704; x_wconf 83' lang='lat' dir='ltr'>exulavit.</span> <span class='ocrx_word' id='word_1_339' title='bbox 1415 2667 1429 2690; x_wconf 85' lang='lat'><strong>⁴</strong></span> <span class='ocrx_word' id='word_1_340' title='bbox 1446 2669 1486 2702; x_wconf 91' lang='grc' dir='ltr'>Β.</span> <span class='ocrx_word' id='word_1_341' title='bbox 1505 2670 1634 2701; x_wconf 73' lang='lat' dir='ltr'>tamen.</span> 
     </span>
     <span class='ocr_line' id='line_1_40' title="bbox 397 2714 1709 2758; baseline -0.002 -8"><span class='ocrx_word' id='word_1_342' title='bbox 397 2716 413 2739; x_wconf 81' lang='lat'>⁵</span> <span class='ocrx_word' id='word_1_343' title='bbox 428 2717 471 2751; x_wconf 92' lang='lat' dir='ltr'>D.</span> <span class='ocrx_word' id='word_1_344' title='bbox 489 2716 618 2751; x_wconf 88' lang='lat' dir='ltr'>divino.</span> <span class='ocrx_word' id='word_1_345' title='bbox 846 2715 861 2738; x_wconf 77' lang='lat'>⁰</span> <span class='ocrx_word' id='word_1_346' title='bbox 877 2717 915 2751; x_wconf 93' lang='lat' dir='ltr'>B.</span> <span class='ocrx_word' id='word_1_347' title='bbox 934 2717 970 2750; x_wconf 84' lang='lat' dir='ltr'>O.</span> <span class='ocrx_word' id='word_1_348' title='bbox 990 2717 1032 2751; x_wconf 86' lang='lat' dir='ltr'>D.</span> <span class='ocrx_word' id='word_1_349' title='bbox 1051 2717 1090 2750; x_wconf 81' lang='lat' dir='ltr'>E.</span> <span class='ocrx_word' id='word_1_350' title='bbox 1108 2718 1188 2750; x_wconf 66' lang='lat' dir='ltr'>omit</span> <span class='ocrx_word' id='word_1_351' title='bbox 1205 2727 1257 2749; x_wconf 83' lang='lat' dir='ltr'>ex.</span> <span class='ocrx_word' id='word_1_352' title='bbox 1411 2714 1426 2737; x_wconf 82' lang='grc'><strong>7</strong></span> <span class='ocrx_word' id='word_1_353' title='bbox 1443 2716 1480 2749; x_wconf 87' lang='grc' dir='ltr'>Β,</span> <span class='ocrx_word' id='word_1_354' title='bbox 1498 2715 1709 2758; x_wconf 85' lang='lat' dir='ltr'>partitaque.</span> 
     </span>
     <span class='ocr_line' id='line_1_41' title="bbox 398 2760 1727 2808; baseline -0.002 -10"><span class='ocrx_word' id='word_1_355' title='bbox 398 2763 413 2786; x_wconf 84' lang='lat'><strong>⁸</strong></span> <span class='ocrx_word' id='word_1_356' title='bbox 429 2764 466 2798; x_wconf 87' lang='lat' dir='ltr'>C.</span> <span class='ocrx_word' id='word_1_357' title='bbox 488 2764 658 2808; x_wconf 83' lang='lat' dir='ltr'>Angliam.</span> <span class='ocrx_word' id='word_1_358' title='bbox 845 2761 861 2783; x_wconf 83' lang='lat'>⁹</span> <span class='ocrx_word' id='word_1_359' title='bbox 876 2763 912 2797; x_wconf 84' lang='lat' dir='ltr'>O.</span> <span class='ocrx_word' id='word_1_360' title='bbox 930 2763 970 2796; x_wconf 83' lang='lat' dir='ltr'>E.</span> <span class='ocrx_word' id='word_1_361' title='bbox 990 2763 1220 2806; x_wconf 86' lang='lat' dir='ltr'>longitudine.</span> <span class='ocrx_word' id='word_1_362' title='bbox 1395 2760 1424 2784; x_wconf 92' lang='lat'>¹⁰</span> <span class='ocrx_word' id='word_1_363' title='bbox 1440 2762 1478 2796; x_wconf 91' lang='lat' dir='ltr'>B.</span> <span class='ocrx_word' id='word_1_364' title='bbox 1498 2762 1534 2797; x_wconf 87' lang='lat' dir='ltr'>C.</span> <span class='ocrx_word' id='word_1_365' title='bbox 1554 2762 1596 2796; x_wconf 88' lang='lat' dir='ltr'>D.</span> <span class='ocrx_word' id='word_1_366' title='bbox 1615 2762 1654 2795; x_wconf 82' lang='lat' dir='ltr'>E.</span> <span class='ocrx_word' id='word_1_367' title='bbox 1673 2762 1727 2795; x_wconf 87' lang='lat' dir='ltr'>ad.</span> 
     </span>
    </p>
   </div>
   <div class='ocr_carea' id='block_1_9' title="bbox 382 2808 1225 2846">
    <p class='ocr_par' dir='ltr' id='par_1_9' title="bbox 382 2808 1225 2846">
     <span class='ocr_line' id='line_1_42' title="bbox 382 2808 1225 2846; baseline -0.002 -1"><span class='ocrx_word' id='word_1_368' title='bbox 382 2811 410 2834; x_wconf 87' lang='lat'>¹¹</span> <span class='ocrx_word' id='word_1_369' title='bbox 427 2812 470 2846; x_wconf 87' lang='lat' dir='ltr'>D.</span> <span class='ocrx_word' id='word_1_370' title='bbox 490 2811 594 2846; x_wconf 87' lang='lat' dir='ltr'>omni.</span> <span class='ocrx_word' id='word_1_371' title='bbox 834 2808 862 2831; x_wconf 79' lang='lat'>¹²</span> <span class='ocrx_word' id='word_1_372' title='bbox 877 2810 913 2844; x_wconf 89' lang='lat' dir='ltr'>C.</span> <span class='ocrx_word' id='word_1_373' title='bbox 932 2810 972 2843; x_wconf 87' lang='grc' dir='ltr'>Ε.</span> <span class='ocrx_word' id='word_1_374' title='bbox 993 2810 1066 2843; x_wconf 79' lang='lat' dir='ltr'>add</span> <span class='ocrx_word' id='word_1_375' title='bbox 1080 2813 1225 2844; x_wconf 82' lang='lat' dir='ltr'>constat.</span> 
     </span>
    </p>
   </div>
  </div>
 </body>
</html>
