2008 3360
392 273 474 313 254
888 284 1015 316 LIBER
1035 285 1392 319 PLUscAnnENffls.

387 389 529 430 torum
556 390 600 430 et
627 401 849 443 procerum
876 388 1241 440 incarceraciones,
1270 391 1620 435 monasteriorum
1658 396 1890 438 cumbusti-

388 458 501 497 ones,
520 446 811 501 religiosorum
831 446 1108 500 spoliaciones
1138 450 1181 489 et
1200 447 1439 500 occisiones,
1459 449 1543 492 alia
1561 464 1727 506 quoque
1754 455 1891 496 multa

389 504 579 545 enormia
591 508 634 545 et
648 503 975 548 innumerabilia
990 517 1085 558 quae
1099 504 1146 545 in
1162 504 1275 547 dicto
1289 506 1447 560 populo
1460 509 1658 560 exercuit,
1673 510 1781 552 nulli
1794 525 1890 566 par-

389 574 488 603 cens
509 561 638 610 aetati,
659 561 791 611 sexui,
810 560 881 603 vel
901 560 1149 612 condicioni,
1170 576 1265 617 quae
1284 562 1446 605 nullus1
1461 564 1696 621 intelligere
1706 568 1776 610 vel
1794 570 1890 611 scri-

388 618 487 661 bere
506 621 682 673 poterat,
702 617 788 659 nisi
806 618 882 673 qui
901 618 948 660 in
967 619 1234 674 experiencia
1252 621 1464 665 intererat.
1522 622 1565 664 A
1584 624 1739 678 quibus
1766 626 1889 668 malis

388 675 781 726 innumerabilibus,
803 676 904 731 Ipso
928 677 1109 731 juvante
1129 678 1205 732 qui
1230 682 1425 733 potentes
1446 679 1498 722 de
1518 680 1616 723 sede
1637 681 1811 737 deponit
1830 683 1890 726 et²

388 732 573 775 humiles
603 733 842 784 exaltando,
860 747 937 788 per
956 734 1297 778 strenuissimum
1325 749 1465 792 regem
1484 740 1528 780 et
1556 738 1777 781 dominum
1796 754 1891 783 nos-

387 794 512 841 trum,
544 790 766 833 dominum
792 791 1024 834 Robertum
1054 792 1106 835 de
1136 793 1281 848 Broys,
1310 794 1479 837 liberati
1498 809 1670 848 sumus;
1699 797 1784 852 qui,
1805 811 1890 840 non

389 848 584 891 obstante
604 847 736 903 quod³
749 849 845 903 jure
868 849 1120 892 hereditario
1148 864 1225 893 rex
1244 856 1387 894 noster
1406 852 1492 903 sit‚⁴
1510 856 1666 906 tamen,
1685 868 1892 897 consensu

388 906 592 957 omnium,
612 920 710 948 cum
733 906 824 957 hoc,
844 907 1027 950 eundem
1047 908 1093 949 in
1121 922 1273 963 regem,
1293 909 1525 961 dominum,
1544 915 1821 966 protectorem
1850 917 1892 955 et

388 963 651 1006 defensorem
680 969 873 1006 nostrum
902 965 1113 1007 unanimi⁵
1141 979 1349 1010 consensu
1378 967 1585 1023 eligimus,
1606 973 1650 1011 et
1671 968 1807 1025 usque
1837 971 1890 1012 ad

387 1025 568 1063 mortem
597 1022 804 1064 sustinere
822 1022 1045 1074 volumus3
1075 1026 1117 1065 et
1137 1023 1275 1067 eidem
1294 1025 1341 1066 in
1370 1026 1578 1077 omnibus,
1597 1030 1803 1082 tanquam
1828 1027 1894 1069 illi

387 1092 463 1133 per
482 1093 610 1134 quem
630 1079 744 1122 salus
763 1080 811 1121 in
828 1083 940 1123 terra
959 1085 1102 1123 nostra
1128 1086 1171 1124 et
1189 1082 1236 1123 in
1255 1082 1412 1138 populo
1431 1083 1543 1125 facta
1561 1088 1636 1135 est,
1656 1098 1732 1140 pro
1751 1088 1894 1128 nostra

386 1136 582 1179 libertate
601 1138 790 1189 tuenda‚⁶
807 1141 896 1180 tam
910 1139 1007 1194 jure
1026 1152 1156 1194 quam
1174 1140 1347 1183 meritis.
1407 1140 1557 1192 Quem,
1577 1142 1614 1183 si
1634 1143 1687 1184 ab
1706 1143 1886 1198 inceptis

386 1194 618 1246 desisteret,
642 1196 731 1251 regi
749 1195 985 1251 Anglorum
1014 1201 1088 1239 aut
1106 1197 1297 1251 Anglicis
1326 1211 1502 1253 regnum
1530 1202 1721 1241 nostrum
1741 1201 1888 1243 volens

386 1252 588 1304 subicere,
607 1257 812 1308 tanquam
840 1253 1063 1296 inimicum
1091 1259 1283 1296 nostrum
1312 1255 1549 1310 capitalem,
1568 1269 1616 1298 ac
1646 1257 1714 1299 sui
1742 1258 1890 1299 nostri-

385 1323 468 1364 que
484 1310 593 1364 juris
608 1310 910 1361 subversorem,
925 1311 1071 1353 statim
1091 1312 1352 1355 concorditer
1365 1313 1683 1368 expelleremus,
1698 1318 1742 1356 et
1756 1315 1889 1357 alium

383 1367 430 1408 in
446 1367 537 1422 ejus
551 1367 655 1418 loco,
671 1368 746 1423 qui
759 1369 858 1423 jura
870 1372 913 1410 et
927 1368 1144 1411 libertates
1159 1373 1323 1412 nostras
1340 1370 1611 1422 defenderet!
1626 1372 1885 1428 eligeremus.

386 1424 511 1475 Nam,
531 1425 737 1480 quamdiu
757 1429 929 1468 centum
948 1440 1002 1468 ex
1021 1427 1144 1469 nobis
1163 1427 1210 1468 in
1228 1427 1319 1470 vita
1336 1429 1625 1480 remanserint,
1644 1443 1888 1484 nuncquam

385 1482 433 1523 in
452 1486 659 1525 aeternum
677 1483 914 1539 Anglorum
934 1484 1121 1526 dominio
1142 1485 1358 1540 subjugari
1377 1486 1585 1528 volumus.
1643 1487 1744 1529 Non
1773 1487 1889 1530 enim

383 1543 555 1595 propter
568 1540 746 1596 gloriam
760 1541 863 1583 belli
882 1542 1121 1593 ambiciose,
1136 1546 1211 1584 aut
1224 1547 1397 1598 propter
1411 1543 1588 1586 divicias
1604 1544 1695 1585 aut⁸
1708 1544 1886 1587 honores

384 1611 636 1653 pugnamus,
665 1598 739 1640 sed
770 1602 941 1654 propter
968 1599 1184 1642 libertates
1214 1604 1258 1642 et
1283 1601 1381 1655 jura
1410 1604 1586 1656 paterna
1615 1601 1889 1653 solummodo,

385 1669 515 1710 quam
547 1656 788 1698 libertatem
821 1670 945 1699 nemo
979 1657 1133 1699 nobilis
1167 1657 1253 1700 nisi
1286 1658 1415 1700 simul
1450 1672 1548 1701 cum
1576 1659 1667 1701 vita
1696 1659 1888 1702 amittere

385 1713 521 1755 debet.
582 1714 699 1756 Hinc
733 1717 809 1765 est,
840 1714 1104 1757 sanctissime
1135 1719 1256 1770 pater
1289 1719 1332 1758 et
1366 1716 1547 1769 domine,
1583 1717 1697 1772 quod
1732 1718 1888 1759 sancti-

383 1773 519 1813 tatem
555 1775 742 1813 vestram
780 1772 897 1813 omni
922 1786 1096 1827 precum
1134 1773 1344 1815 instancia
1382 1773 1630 1829 suppliciter
1668 1788 1888 1817 exoramus

385 1832 607 1883 quatenus,
641 1829 804 1872 sincero
835 1829 958 1872 corde
988 1833 1214 1885 menteque
1244 1831 1317 1886 pia
1345 1836 1610 1874 recensentes
1643 1845 1740 1874 cum
1774 1833 1889 1887 apud

384 1887 507 1938 Eum,
539 1887 660 1942 cujus
689 1887 804 1930 vices
832 1887 880 1929 in
905 1887 1034 1930 terra⁹
1061 1888 1218 1943 geritis,
1247 1902 1334 1930 non
1363 1888 1420 1931 sit
1445 1889 1686 1932 differencia
1704 1889 1774 1932 vel
1804 1890 1887 1932 dis-

383 1943 538 1986 tinccio
559 1945 589 1987 J
591 1944 748 1995 udaei‚¹⁰
764 1945 912 1995 Graeci,
933 1945 1058 1995 Scoti,
1070 1945 1140 1987 vel
1158 1946 1342 2001 Anglici,
1354 1946 1652 1989 tribulaciones
1673 1951 1716 1989 et
1735 1961 1888 2002 angus-

383 2002 466 2044 tias
495 2002 618 2044 nobis
647 2006 691 2045 et
719 2002 906 2044 ecclesiae
935 2003 1019 2045 Dei
1048 2003 1189 2045 illatas
1219 2017 1295 2058 per
1323 2003 1491 2046 eosdem
1510 2004 1673 2059 Anglos
1699 2005 1888 2059 paternis

383 2059 517 2101 oculis
532 2060 690 2102 intueri
709 2060 943 2115 dignemini
958 2075 969 2112 ;
998 2073 1046 2102 ac
1065 2060 1153 2116 regi
1165 2061 1412 2116 Anglorum‚
1427 2062 1496 2103 cui
1516 2062 1705 2104 sufficere
1718 2062 1889 2104 deberet

383 2117 498 2172 quod
516 2118 715 2173 possidet,
735 2131 833 2160 cum
853 2117 956 2159 olim
974 2117 1020 2159 id
1039 2118 1153 2173 quod
1171 2119 1262 2173 jam
1281 2118 1502 2173 possidet¹¹
1521 2124 1684 2174 septem
1703 2120 1773 2162 vel
1793 2124 1887 2162 octo

382 2175 552 2230 regibus
573 2175 762 2218 sufficere
783 2175 955 2226 solebat,
974 2175 1175 2218 movere¹2
1189 2175 1272 2218 ac¹³
1284 2176 1497 2219 exhortari
1516 2177 1658 2219 velitis
1679 2180 1886 2232 quatenus

382 2246 461 2274 nos
492 2233 649 2284 Scotos,
669 2233 717 2275 in
736 2232 886 2276 exuli¹4
904 2233 1046 2275 insula
1070 2234 1227 2276 Scociae
1257 2234 1468 2289 degentes,
1486 2234 1599 2277 ultra
1619 2249 1748 2290 quam
1766 2234 1886 2276 habi-

382 2290 493 2333 tacio
512 2291 701 2333 humana
725 2290 845 2333 non¹⁵
864 2290 1091 2341 invenitur,
1111 2291 1363 2346 11161111(111616
1381 2292 1449 2334 sui
1468 2292 1553 2334 nisi
1581 2296 1773 2334 nostrum
1791 2295 1886 2333 tan-

382 2351 477 2389 tum
506 2349 738 2404 cupientes,
757 2349 806 2390 in
833 2362 936 2404 pace
966 2349 1166 2391 dimittat.
1227 2349 1320 2401 Oui,
1344 2363 1420 2404 pro
1449 2353 1591 2392 nostra
1620 2350 1761 2405 quiete
1789 2362 1885 2403 pro-

382 2406 661 2456 curandum,¹⁷
690 2406 894 2462 quicquid
922 2407 1167 2461 poterimus,
1196 2407 1250 2448 ad
1279 2410 1440 2449 statum
1469 2412 1657 2450 vestrum
1690 2408 1882 2461 respectu

383 2461 541 2514 habito,
560 2464 743 2506 libenter
761 2465 898 2506 facere
916 2464 1114 2506 volumus
1135 2478 1233 2506 cum
1253 2464 1453 2507 effectu.¹⁸

443 2602 456 2624 ¹
474 2602 512 2636 C.
530 2602 571 2636 E.
588 2613 689 2636 unus.
971 2602 985 2624 2
1001 2604 1037 2637 O.
1057 2604 1095 2637 E.
1115 2606 1194 2636 omit.
1211 2607 1256 2637 et.
1465 2603 1480 2625 ³
1498 2604 1534 2638 O.
1554 2604 1593 2636 E.
1612 2603 1664 2636 de.

444 2648 459 2671 4
475 2649 511 2683 O.
532 2649 572 2682 E.
590 2649 649 2682 sic.
970 2648 985 2671 ⁵
1003 2650 1040 2683 C.
1058 2651 1098 2683 E.
1116 2651 1290 2684 unanimo.
1340 2650 1382 2684 D.
1400 2650 1526 2683 altered
1531 2650 1630 2692 from
1644 2649 1816 2684 unanimo.

443 2695 458 2717 ⁰
475 2696 511 2729 O.
531 2696 569 2730 E.
587 2695 748 2728 tenenda.
972 2695 986 2717 ⁷
1003 2697 1040 2730 C.
1060 2697 1099 2730 E.
1118 2697 1312 2731 defendere.
1462 2694 1476 2717 ⁸
1493 2696 1530 2729 B.
1550 2699 1595 2729 et.

443 2741 458 2764 ⁹
474 2743 513 2776 B.
532 2742 568 2776 O.
587 2743 630 2776 D.
651 2742 690 2775 E.
708 2742 820 2776 terris.
955 2741 984 2763 ¹⁰
1001 2743 1038 2777 O.
1057 2743 1100 2776 D.
1119 2743 1158 2778 E.
1177 2744 1249 2776 add
1265 2746 1310 2778 et.
1446 2741 1474 2763 ¹¹
1491 2743 1527 2776 C.
1545 2742 1584 2774 E.
1602 2742 1766 2786 possedit.

428 2788 458 2811 ¹²
474 2790 512 2823 B.
532 2790 574 2822 D.
593 2790 632 2822 E.
651 2799 800 2823 monere.
1446 2787 1475 2810 ¹³
1492 2789 1529 2821 B.
1548 2793 1619 2822 aut.

429 2836 457 2859 ¹4
474 2837 510 2871 O.
529 2837 568 2870 E.
587 2836 680 2869 exili.
729 2836 770 2869 D.
790 2836 853 2869 has
868 2835 934 2868 hac
951 2846 1059 2877 parva
1075 2835 1269 2869 nubetituted
1287 2835 1442 2878 laterfor
1458 2835 1562 2868 exuli.

429 2883 457 2906 ¹⁵
474 2884 511 2918 C.
529 2894 618 2917 cum.
957 2881 985 2903 ¹⁶
1001 2882 1037 2915 O.
1057 2882 1096 2916 Ε.
1114 2882 1247 2926 velque.
1442 2880 1470 2905 17
1488 2882 1525 2916 O.
1547 2882 1584 2914 Ε.
1605 2882 1829 2925 procurando.

429 2930 456 2953 ¹⁸
474 2931 511 2965 O.
530 2931 570 2964 E.
590 2930 662 2964 add
678 2929 796 2964 eciam.
847 2929 889 2964 D.
910 2929 999 2963 adds
1015 2931 1078 2962 etc.
