1968 3360
303 288 356 326 60
798 297 925 328 LIBER
944 298 1302 330 rwsoAnnENSIs.

297 404 402 451 tum,
417 403 514 456 post
533 401 690 444 multas
710 401 1007 457 cogitaciones¹
1019 405 1062 443 et
1081 402 1394 446 admoniciones
1411 418 1497 447 non
1517 406 1797 456 emendatum,

296 459 710 501 excommunicatum
743 459 912 514 publice
947 459 1332 513 denunciaverunt;
1372 475 1516 504 omnes
1555 465 1687 506 eciam
1721 465 1797 519 qui

296 516 388 571 ejus
418 516 667 559 fidelitatem
691 517 952 571 juraverunt,
981 516 1153 559 clericos
1182 521 1225 560 et
1252 517 1394 570 laicos,
1413 520 1466 561 ab
1485 521 1576 575 ejus
1594 522 1798 564 fidelitate

296 578 340 615 et
369 573 565 629 homagio
596 574 873 624 absolventes,
906 587 954 616 ac
986 587 1131 616 omnes
1162 575 1201 617 ei
1232 577 1589 620 communicantes
1619 579 1798 622 scienter

295 631 750 673 excommunicacionis
769 631 941 673 vinculo
961 630 1230 676 innodarunt.
1289 634 1333 675 N
1335 648 1381 676 ec
1400 639 1569 690 propter
1588 635 1679 678 haec
1698 651 1796 678 con-

294 701 452 739 versus,
472 692 515 731 et
534 688 696 730 contra²
715 688 935 731 ecclesiam
964 702 1093 744 quam
1112 690 1381 747 impugnavit
1408 706 1495 734 non
1525 694 1797 745 emendando,

296 746 344 787 in
356 746 525 788 malicia
545 746 821 788 continuavit.
852 747 1029 802 Propter
1043 748 1167 802 quod,
1179 748 1226 790 in
1241 749 1411 805 signum
1426 750 1647 805 apostasiae
1661 752 1796 793 mani-

295 803 459 858 pulum,
483 803 529 844 in
563 803 751 846 humeris
783 804 1047 847 sacerdotum
1065 806 1325 862 infigendum
1351 807 1399 849 in
1428 808 1624 850 omnibus
1653 822 1797 851 eorum

296 861 437 903 missis
457 861 691 912 cantandis,
710 862 995 905 sacerdotibus
1015 863 1211 906 omnibus
1235 865 1513 919 reliquerunt³
1541 866 1695 922 Anglis
1714 866 1795 908 im-

295 918 578 973 perpetuum.⁴
636 919 812 974 Propter
841 920 1036 962 timorem
1064 922 1186 977 cujus
1217 922 1406 965 defectus
1437 923 1609 974 enormi,
1629 937 1795 966 summo

295 975 488 1030 pontifici
518 977 758 1031 perpetrati,
778 981 822 1019 et
849 978 916 1020 ut⁵
936 979 1027 1033 ejus
1057 980 1240 1034 graciam
1266 981 1603 1035 consequendam
1633 982 1796 1024 favora-

293 1033 487 1076 biliorem
506 1034 670 1077 dictum
698 1035 919 1077 dominum
938 1037 1215 1092 apostolicum
1234 1038 1443 1093 reperiret,
1462 1039 1543 1080 sibi
1562 1039 1616 1081 ad
1636 1040 1797 1082 curiam

295 1091 549 1133 Romonam⁶
576 1097 710 1135 certos
741 1093 920 1136 nuncios
950 1094 1123 1145 remisit,
1143 1095 1319 1137 offerens
1349 1110 1406 1147 se,
1425 1100 1475 1138 ut
1503 1097 1732 1151 praefertur,
1752 1101 1796 1139 et

294 1162 371 1191 sua
390 1163 518 1205 regna
535 1150 704 1206 Angliae
733 1154 777 1193 et
806 1151 1033 1202 Hiberniae,
1052 1152 1106 1194 ad
1132 1153 1353 1195 emendam
1373 1154 1637 1209 condignam,
1655 1155 1795 1197 feoda-

293 1206 418 1249 toria⁷
448 1207 531 1249 sibi
560 1221 650 1250 esse
679 1212 722 1250 et
750 1209 1057 1252 successoribus
1087 1211 1187 1260 suis,
1206 1214 1256 1252 ut
1284 1211 1568 1266 praemittitur,
1586 1213 1794 1268 imperpe-

294 1264 451 1308 tuum.⁴
506 1265 718 1308 Dominus
737 1271 881 1309 autem
900 1280 1021 1322 papa,
1040 1282 1151 1310 anno
1171 1269 1348 1310 Domini
1367 1277 1420 1310 Μο
1431 1276 1495 1311 oc⁰
1507 1270 1604 1311 xiii⁰
1623 1275 1666 1312 et
1684 1271 1792 1325 regis

293 1322 324 1365 J
326 1321 506 1365 ohannis
526 1324 775 1379 supradicti⁸
793 1324 902 1375 xiii?
914 1325 1027 1380 apud
1046 1325 1378 1377 Londonemem,
1389 1327 1538 1382 legatis
1559 1327 1793 1378 destinatis,

293 1379 341 1421 in
359 1379 517 1423 honore
536 1381 820 1436 apostolorum
841 1382 957 1425 Petri
977 1386 1020 1425 et
1049 1383 1172 1425 Pauli
1187 1384 1441 1426 feodacionis
1460 1384 1595 1439 ipsius
1614 1386 1792 1441 promis-

293 1450 389 1479 sum
403 1438 572 1493 publice
590 1444 847 1494 receperunt,
862 1439 921 1482 a¹⁰
935 1440 1049 1482 dicto
1064 1454 1158 1496 rege
1173 1446 1217 1483 et
1230 1441 1455 1484 heredibus
1470 1442 1558 1485 suis
1571 1458 1582 1495 ;
1600 1448 1725 1498 prout
1745 1444 1792 1485 in

293 1495 384 1550 ejus
416 1501 541 1547 carta,
571 1497 843 1539 continetur11
873 1498 994 1552 cujus
1023 1502 1144 1540 tenor
1176 1498 1247 1541 hic
1267 1503 1570 1555 consequenter
1588 1500 1790 1556 sequitur,

292 1553 559 1596 manifestius
579 1568 777 1609 apparere
795 1555 951 1610 poterit
964 1571 1030 1598 :—

348 1610 380 1653 J
381 1610 580 1662 ohannes,
610 1612 693 1654 Dei
722 1612 862 1667 gracia
894 1626 969 1655 rex
996 1612 1178 1669 Angliae,
1206 1613 1403 1656 dominus
1438 1613 1666 1666 Hiberniae,
1702 1614 1791 1658 dux

290 1667 535 1723 Aquitaniae
555 1673 598 1711 et
618 1670 902 1721 Normanniae,
917 1684 966 1713 ac
981 1684 1119 1713 comes
1134 1671 1403 1728 Andegaviae,
1418 1673 1614 1716 omnibus
1632 1673 1791 1716 Christi

290 1725 485 1768 fidelibus
523 1730 751 1782 praesentes
789 1727 932 1770 literas
976 1727 1241 1784 inspecturis,
1281 1729 1470 1772 Salutem
1508 1730 1555 1772 in
1592 1731 1789 1773 Domino.

291 1782 575 1826 Universitati
592 1788 743 1827 vestrae
771 1799 847 1841 per
865 1785 975 1828 hanc
995 1791 1153 1829 cartam
1172 1792 1360 1830 nostram
1379 1791 1422 1830 et
1439 1787 1600 1830 bullam
1620 1802 1789 1831 auream

290 1840 522 1884 volumus²²
551 1855 642 1885 esse
671 1847 822 1885 notum
879 1843 975 1895 uod,
997 1857 1095 1886 cum
1127 1845 1269 1887 Deum
1303 1850 1347 1888 et
1379 1849 1556 1888 matrem
1589 1850 1789 1898 nostram,

290 1912 322 1940 s,
343 1899 573 1951 ecclesiam,
593 1900 863 1943 offendimus¹
899 1901 947 1943 in
966 1901 1126 1952 multis,
1146 1905 1189 1944 et
1207 1902 1307 1945 inde
1330 1902 1477 1945 divina
1504 1903 1790 1946 misericordia

289 1955 524 2011 plurimum
561 1958 749 2013 indigere
787 1972 1020 2010 noscamur,
1049 1973 1126 2002 nec
1165 1960 1269 2015 quid
1307 1960 1421 2015 quod
1459 1960 1610 2003 devote
1643 1961 1789 2005 offerre

287 2014 532 2069 poterimus,
546 2029 622 2071 pro
642 2015 934 2059 satisfaccione
952 2016 1046 2059 Deo
1066 2020 1108 2059 et
1128 2017 1313 2060 ecclesiae
1333 2017 1473 2060 debite
1487 2018 1690 2070 facienda,
1703 2019 1788 2062 nisi

288 2073 569 2128 nosmetipsos
603 2076 647 2115 et
679 2087 807 2129 regna
840 2077 985 2116 nostra
1012 2074 1182 2130 Angliae
1215 2079 1260 2118 et
1293 2075 1512 2118 Hiberniae
1544 2076 1789 2128 habeamus,

287 2129 479 2173 volentes
494 2131 810 2187 nosmetipsos¹⁴
822 2130 1047 2175 humiliare
1061 2146 1137 2188 pro
1153 2132 1236 2174 Illo
1256 2133 1331 2188 qui
1350 2146 1395 2175 se
1413 2147 1489 2188 pro
1504 2133 1626 2176 nobis
1647 2134 1788 2177 humi-

287 2186 412 2229 liavit
430 2202 566 2243 usque
586 2188 640 2231 ad
669 2192 858 2240 mortem,
877 2190 1016 2245 gracia
1040 2190 1186 2232 Sancti
1216 2191 1398 2246 Spiritus
1427 2191 1672 2246 inspirante,
1701 2206 1788 2234 non

286 2244 333 2286 vi
351 2244 517 2287 inducti
537 2259 614 2289 nec
634 2250 751 2289 metu
771 2248 916 2298 coacti,
937 2247 1011 2290 sed
1030 2251 1173 2290 nostra
1193 2251 1424 2303 spontanea
1453 2252 1495 2291 et
1515 2249 1625 2292 bona
1643 2249 1789 2292 volun-

287 2304 387 2352 tate,
399 2316 448 2344 ac
463 2304 679 2346 communi
694 2304 870 2347 consilio
885 2305 1090 2347 baronum
1105 2309 1354 2357 nostrorum,
1367 2306 1580 2349 offerimus
1600 2310 1643 2349 et
1656 2306 1787 2350 libere

287 2359 557 2403 concedimus
569 2362 662 2404 Deo
677 2365 721 2405 et
735 2362 892 2405 sanctis
907 2362 1108 2418 apostolis
1121 2363 1212 2418 ejus
1225 2364 1351 2406 Petro
1366 2367 1409 2406 et
1424 2364 1558 2406 Paulo
1572 2369 1615 2407 et
1630 2370 1786 2407 sanctae
1847 2405 1849 2408 .

287 2416 489 2459 Romanae
518 2419 714 2470 ecclesiae,
734 2420 860 2462 matri
888 2424 1054 2471 nostrae,
1076 2434 1125 2463 ac
1157 2421 1326 2463 domino
1355 2425 1499 2464 nostro
1530 2421 1785 2464 Innocencio

287 2474 415 2530 Papae
448 2476 589 2528 tercio,
625 2477 801 2532 ejusque
840 2477 1058 2520 catholicis
1087 2479 1407 2529 successoribus,
1441 2482 1580 2521 totum
1608 2493 1785 2535 regnum

285 2531 454 2588 Angliae
485 2538 529 2575 et
556 2536 696 2575 totum
724 2548 901 2589 regnum
921 2535 1150 2587 Hiberniae,
1169 2549 1267 2578 cum
1295 2536 1411 2578 omni
1434 2536 1529 2591 jure
1558 2540 1602 2579 et
1628 2538 1785 2592 pertin-

286 2590 418 2632 enciis
433 2590 534 2642 suis,
548 2605 624 2646 pro
638 2592 883 2635 remissione
898 2597 1165 2647 peccatorum
1180 2593 1450 2636 nostrorum¹⁵
1465 2598 1508 2636 et
1526 2594 1663 2637 tocius
1681 2608 1785 2650 gen-

346 2714 360 2736 ¹
377 2715 414 2749 G.
435 2714 649 2749 citacionem.
700 2715 742 2749 D.
761 2715 800 2751 E.
820 2716 1017 2752 eitaciones.
1350 2716 1366 2740 ²
1381 2718 1417 2752 O.
1435 2719 1475 2752 Ε.
1494 2720 1596 2752 insert
1610 2723 1765 2754 sanctam

348 2760 363 2784 ³
379 2762 416 2795 O.
434 2762 475 2796 E.
492 2762 743 2806 relinquerunt.
865 2761 879 2784 ⁴
896 2764 933 2798 C.
953 2764 995 2797 D.
1014 2764 1054 2799 E.
1072 2763 1110 2797 in
1126 2766 1342 2808 perpetuum.
1461 2764 1476 2787 ⁵
1491 2766 1528 2799 O.
1547 2766 1586 2799 E.
1606 2768 1709 2800 insert
1723 2768 1780 2803 ad.

348 2807 364 2830 ⁰
379 2809 416 2843 O.
435 2809 478 2843 D.
499 2810 539 2843 Ε.
559 2810 763 2843 Romanam.
862 2808 877 2832 ⁷
893 2811 933 2846 Ε.
952 2810 1156 2845 feodataria.
1347 2809 1362 2832 ⁸
1379 2811 1417 2846 C.
1435 2812 1476 2845 E.
1496 2813 1569 2846 add
1584 2813 1700 2847 etiam.

350 2853 366 2876 ⁹
381 2855 445 2889 xiii
460 2857 495 2889 t'n
511 2858 654 2898 marain.
853 2855 882 2878 ¹⁰
897 2857 933 2891 G.
952 2857 992 2891 Ε.
1010 2860 1090 2891 omit
1104 2869 1133 2892 a.
1251 2856 1279 2879 11
1296 2858 1334 2892 C.
1352 2858 1393 2892 D.
1412 2859 1453 2892 E.
1470 2861 1551 2893 omit
1567 2861 1777 2895 continetur.

333 2901 362 2924 Π
378 2903 416 2936 C.
436 2903 477 2936 E.
494 2903 655 2937 volimus.
707 2903 749 2937 D.
767 2903 941 2938 nolumus.
1075 2903 1078 2906 ’
1250 2903 1279 2926 ¹³
1295 2905 1331 2939 G.
1350 2906 1391 2941 E.
1406 2906 1660 2941 offenderimus.

334 2947 364 2971 ¹⁴
380 2950 417 2983 C.
436 2950 475 2984 E.
495 2950 758 2995 nosmetipsum.
831 2949 861 2972 ¹⁶
878 2951 914 2986 C.
932 2953 1142 2986 mostrorum
1159 2951 1287 2986 altered
1302 2955 1334 2986 to
1350 2963 1514 2987 meorum.
1555 2953 1595 2987 E.
1613 2965 1778 2990 meorum.
