1968 3360
758 325 885 356 LIBER
905 324 1129 358 SEPTIMUS.
1637 316 1692 358 67

182 434 330 474 tamen
362 430 454 487 ipse
488 430 729 474 Ludovicus
762 431 818 473 ad
856 431 948 486 ejus
980 430 1236 473 instanciam
1273 429 1461 472 maxime
1484 429 1692 486 'Angliam

183 490 362 532 intravit
377 505 388 543 3
407 491 565 532 timens
584 493 730 532 tamen
748 493 1023 544 utrorumque
1037 489 1263 539 maliciam,
1276 502 1353 544 pro
1369 488 1570 531 securiori
1590 502 1691 531 con-

184 548 374 591 clusione
403 548 636 601 consultus,
666 548 727 590 eis
756 547 918 590 bellum
947 547 1159 598 offerebat,
1179 550 1223 589 et
1243 547 1298 588 ad
1316 560 1506 602 pugnam
1532 560 1577 589 se
1596 560 1693 602 pre-

183 607 370 661 parabat.
416 607 500 649 Sed
519 609 664 648 tamen
682 606 837 662 Anglis
856 605 1018 648 bellum
1032 605 1327 655 renitentibus,
1342 618 1487 660 ymmo
1501 605 1692 647 refutan-

183 664 302 706 tibus
341 665 527 715 omnino,
565 665 613 706 in
651 664 875 706 Franciam
915 663 969 706 ad
1016 667 1181 718 patrem
1224 676 1416 705 reversus
1462 667 1539 714 est,
1577 663 1691 705 facta

177 722 370 777 ‚quadam
390 722 697 778 composicione
716 725 862 764 tamen
881 721 929 763 in
947 721 1150 776 Angliam
1170 726 1271 763 ante
1290 734 1514 775 recessum.
1566 721 1690 772 Quod

183 780 335 835 utique
372 780 611 822 mirabilem
648 780 873 821 victoriam
911 783 955 822 et
994 779 1197 821 honorem
1229 778 1461 830 habuisset,
1496 778 1550 821 si1
1590 793 1690 821 cum

181 838 335 893 Anglis
365 838 625 888 fidelitatem,
644 851 739 892 quae
767 851 860 879 raro
888 837 936 878 in
962 837 1023 879 eis
1042 838 1261 892 reperitur,
1280 837 1328 879 in
1349 837 1429 879 hac
1447 840 1567 892 parte
1589 851 1689 880 cum

181 895 287 950 ipsis
325 896 570 939 invenisset.
649 895 857 949 Quodque
896 895 1073 937 audiens
1117 895 1345 950 Philippus
1383 909 1460 937 rex
1487 895 1688 947 Franciae,

181 954 320 995 filium
353 967 480 995 suum
513 953 575 995 sic
609 952 835 1007 deceptum
869 956 912 994 et
946 953 1043 994 dolo
1072 953 1420 1004 circumventum,
1446 967 1523 1008 pro
1551 953 1688 1009 ipsius

181 1011 307 1053 celeri
326 1024 525 1053 succursu
547 1010 724 1053 classem
742 1010 997 1066 praeparavit
1003 1025 1014 1063 ;
1032 1024 1108 1065 per
1126 1011 1241 1065 quod
1261 1011 1422 1053 factum
1442 1015 1507 1053 est
1526 1011 1688 1053 bellum

181 1069 332 1111 navale
352 1082 479 1124 super
496 1082 611 1110 mare
629 1069 743 1117 inter
761 1068 985 1110 Franciam
1004 1073 1048 1110 et
1066 1068 1282 1123 Angliam,
1296 1069 1372 1110 ubi
1386 1069 1515 1111 multi
1528 1069 1687 1111 utrius-

181 1140 264 1181 que
282 1127 415 1182 partis
444 1126 672 1182 perierunt.
731 1127 866 1169 Erant
884 1130 1041 1178 tamen,
1063 1130 1114 1168 ut
1132 1126 1203 1168 hic
1223 1126 1435 1178 asseritur,
1449 1127 1581 1183 Angli
1598 1128 1688 1170 vic-

178 1187 301 1227 tores.
340 1184 594 1235 Ludovicus,
608 1184 661 1226 de
681 1183 764 1227 hiis
779 1198 867 1226 non
879 1184 1145 1235 certificatus,
1157 1184 1204 1225 in
1223 1184 1447 1227 Franciam
1467 1185 1688 1240 applicuit,

179 1245 223 1284 et
243 1242 334 1284 sine
349 1242 503 1284 damno
519 1242 573 1284 ad
587 1246 752 1298 patrem
770 1243 985 1285 remeavit.
1036 1242 1091 1283 In
1111 1242 1259 1284 eodem
1278 1256 1377 1284 vero
1392 1246 1592 1298 tempore,
1611 1257 1687 1285 rex

179 1299 336 1342 Scociae
365 1300 610 1342 Alexander
644 1300 896 1350 Carleolum,
924 1300 1129 1355 Angliam
1157 1300 1411 1351 invadendo,
1447 1301 1610 1356 accepit
1642 1304 1687 1343 et

177 1358 374 1401 munivit.
417 1359 734 1414 Consequenter
752 1372 863 1410 vero,
883 1358 967 1401 hiis
988 1359 1138 1400 diebus
1158 1359 1385 1401 obsedetur
1408 1372 1435 1400 a
1452 1359 1684 1401 baronibus

177 1415 363 1471 Angliae2
375 1420 560 1458 castrum
576 1417 872 1459 Lincolniense
888 1430 985 1459 cum
1001 1416 1217 1459 Ludovico
1231 1416 1492 1470 faventibus3
1512 1417 1589 1472 qui
1601 1430 1686 1459 om-

177 1488 265 1525 nes,
278 1475 602 1529 superveniente
615 1475 965 1531 Gualone‚legato
980 1475 1183 1517 Romanae
1195 1474 1393 1525 ecclesiae,
1406 1475 1569 1517 tamen³
1582 1475 1686 1517 novi
1700 1493 1703 1498 ·

178 1532 287 1587 regis
303 1532 481 1575 Henrici
492 1533 661 1588 Angliae
681 1534 882 1585 exercitu,
898 1537 1060 1575 remota
1079 1546 1225 1575 eorum
1244 1533 1453 1586 obsessi03
1482 1546 1543 1584 ac,
1562 1534 1686 1588 quasi

180 1589 263 1645 [in]
293 1590 420 1632 unius
440 1590 553 1632 horae
572 1595 801 1642 momento,
820 1592 937 1646 capti
964 1595 1066 1633 sunt
1094 1604 1241 1634 omnes
1260 1591 1438 1633 barones
1458 1595 1502 1634 et
1520 1591 1687 1633 nobiles

177 1648 254 1702 qui
272 1648 389 1703 prius
409 1649 623 1691 Ludovico
637 1649 942 1704 praenominato
957 1649 1169 1700 favebant,
1183 1663 1281 1691 cum
1295 1649 1481 1704 quodam
1495 1649 1686 1691 Franciae

178 1707 331 1748 comite
366 1720 511 1748 eorum
541 1707 739 1762 regimini
771 1721 847 1762 per
879 1707 1143 1749 Ludovicum
1172 1707 1400 1762 deputat03
1434 1721 1580 1749 omnes
1610 1707 1686 1749 alii

177 1763 298 1805 artis-1
332 1765 567 1806 carceribus
601 1765 870 1821 deputantur.
941 1765 1128 1807 Cernens
1163 1770 1308 1807 autem
1341 1779 1416 1807 rex
1456 1765 1685 1820 Philippus

176 1821 331 1863 filium⁵
357 1822 418 1864 sic
447 1822 635 1874 illusum,
666 1827 710 1865 et
740 1823 903 1865 nobiles
922 1823 1093 1878 Angliae
1113 1823 1196 1865 sibi
1218 1823 1480 1865 adhaerentes
1500 1823 1561 1865 sic
1580 1823 1685 1864 din's

177 1879 412 1922 carceribus
450 1884 602 1931 trusos,
632 1881 895 1923 confidencia
932 1882 1041 1936 regis
1082 1881 1239 1923 Scociae
1276 1881 1517 1933 Alexandri
1551 1881 1686 1923 item⁶

175 1937 307 1979 classe
335 1942 582 1993 praeparata,
613 1939 776 1981 bellum
804 1938 959 1994 Anglis
989 1939 1156 1981 noviter
1190 1939 1360 1994 paravit
1372 1954 1384 1992 ;
1412 1938 1527 1994 quod
1562 1939 1683 1980 audi-

176 1999 295 2037 entes
316 1996 484 2052 Angliae
503 1997 670 2052 praelati
689 2001 733 2039 et
753 1997 827 2039 alii
846 1997 962 2052 pacis
983 1996 1138 2047 amici?
1157 1996 1426 2040 concordiam
1439 1999 1684 2047 tractantes,

175 2065 224 2094 ac
258 2053 490 2096 adventum
522 2055 709 2110 potentis
743 2055 964 2097 Scotorum
1003 2055 1113 2110 regis
1146 2055 1194 2096 in
1227 2054 1431 2110 Angliam
1469 2055 1683 2105 timentes,

176 2123 324 2164 pacem
357 2111 469 2154 inter
501 2112 765 2155 Ludovicum
797 2117 840 2155 et
871 2112 1120 2164 Henricum,
1151 2126 1312 2155 novum
1330 2112 1501 2168 Angliae
1530 2126 1684 2168 regem,

175 2167 332 2219 iniunt,
352 2173 524 2224 accepta
552 2170 714 2213 tamen8
733 2171 959 2213 securitate
979 2171 1094 2225 quod
1123 2184 1270 2213 omnes
1297 2171 1373 2226 qui
1398 2170 1685 2213 surrexerant⁹

175 2239 275 2267 cum
294 2226 509 2269 Ludovico
530 2232 677 2270 contra
706 2228 870 2270 dictum
892 2229 1130 2271 Henricum
1165 2228 1341 2285 [regem]
1377 2228 1560 2284 Angliae,
1590 2228 1682 2270 sive

175 2287 322 2325 contra
340 2288 507 2339 patrem
526 2286 630 2340 ejus,
649 2286 697 2327 in
715 2286 874 2342 Anglia
898 2286 953 2328 ad
979 2290 1140 2328 statum
1168 2286 1397 2341 pristinum
1415 2287 1463 2328 in
1482 2286 1682 2328 omnibus

174 2341 508 2393 restituerentur,
524 2357 608 2398 quo
622 2347 720 2386 ante
731 2344 911 2386 inicium
927 2344 1205 2386 discensionis
1220 2345 1405 2387 fuerunt.
1448 2343 1543 2396 Quo
1557 2344 1684 2395 facto,

174 2399 429 2454 Ludovicus‚
449 2400 497 2442 in
527 2401 730 2457 Angliam
761 2415 888 2457 super
918 2402 1036 2444 salvo
1075 2402 1289 2444 conductu
1321 2402 1501 2453 rediens,
1535 2415 1682 2445 omnes

173 2457 354 2508 vinctos,
383 2459 574 2513 captivos
614 2462 658 2501 et
695 2459 986 2510 incarceratos,
1031 2460 1229 2502 omnibus
1268 2460 1429 2503 eisdem
1470 2460 1684 2503 restitutis

173 2516 510 2569 possessionibus
541 2520 585 2559 et
613 2517 749 2573 bonis,
774 2517 1002 2560 honorifice
1027 2518 1249 2571 liberavit3
1277 2522 1321 2561 et
1350 2518 1411 2561 sic
1432 2518 1485 2561 de
1504 2518 1684 2574 perfidia

174 2572 411 2628 Anglorum
427 2574 589 2626 doctus,
601 2575 877 2617 inFranciam
887 2575 1026 2618 rediit.
1067 2576 1258 2619 Oaveant
1273 2590 1381 2632 ergo,
1397 2576 1451 2618 ad
1467 2576 1685 2631 exemplar

174 2629 358 2682 illorum,
378 2632 597 2674 Scotorum
626 2633 839 2689 principes
859 2637 903 2676 et
925 2647 1117 2690 proceres
1132 2634 1337 2686 moderni,
1357 2648 1504 2677 eorum
1522 2634 1685 2676 fraudis

175 2688 398 2744 antiquae¹⁰
409 2694 453 2733 et
464 2691 722 2746 prodicionis
738 2691 1003 2734 dissimilatae
1017 2692 1199 2735 maliciae
1213 2693 1390 2749 experti,
1403 2706 1457 2735 ne
1469 2696 1628 2735 temere
1641 2695 1685 2734 et

238 2838 250 2861 ¹
270 2840 307 2874 O.
327 2841 367 2875 E.
386 2841 458 2876 sed.
601 2842 616 2864 ²
631 2855 652 2876 a
668 2843 859 2877 baronibus
876 2844 1013 2889 Angliae
1029 2846 1066 2878 in
1082 2846 1230 2888 margin.
1376 2842 1391 2866 3
1409 2843 1447 2878 O.
1465 2843 1507 2877 Ε.
1524 2853 1615 2876 cum.

238 2885 253 2908 ⁴
270 2888 308 2921 C.
326 2888 367 2923 E.
386 2890 484 2923 arcis.
604 2888 620 2911 ⁶
638 2892 677 2925 Ε.
696 2892 784 2924 adds
799 2902 915 2925 suum.
1378 2889 1394 2912 ⁶
1410 2891 1448 2924 O.
1467 2891 1508 2924 E.
1526 2890 1667 2923 iterum.

238 2931 252 2955 ⁷
270 2934 308 2968 C.
325 2935 366 2970 E.
384 2937 459 2970 add
470 2937 575 2981 pacis.
711 2936 726 2958 ⁸
742 2938 779 2971 C.
798 2939 838 2972 E.
857 2939 930 2971 add
945 2938 1051 2982 prius.
1257 2936 1273 2960 ⁹
1289 2938 1327 2972 O.
1344 2937 1386 2972 E.
1403 2938 1675 2971 insurrexerant.

708 2983 737 3006 ¹⁰
755 2985 799 3018 D.
815 2996 1055 3019 recommences
1071 2986 1157 3020 here.
