2008 3360
144 779 213 803 ΛΑ).
231 770 318 803 1383.

344 302 425 340 320
841 310 968 341 LIBER
987 310 1345 344 PLUSCARDENSIS.

341 414 552 457 Glammis
582 413 642 457 et¹
662 416 692 458 J
695 415 882 457 ohannes
912 415 1032 469 Lyon
1061 415 1154 469 per2
1172 416 1203 458 J
1204 416 1383 458 acobum
1412 416 1465 458 de
1493 416 1715 474 Lindesay,
1734 419 1844 461 male

342 473 422 515 sub
452 472 713 515 confidencia
742 472 794 514 de
826 475 950 514 nocte
981 472 1028 513 in
1061 472 1171 515 lecto
1196 473 1349 516 nudus.
1410 472 1535 515 Misit
1562 474 1751 531 insuper³
1769 490 1845 519 rex

341 529 513 586 Angliae
533 530 739 572 Ricardus
760 530 937 572 nuncios
958 529 1059 572 duci
1088 530 1408 587 Longcas[triae]
1433 531 1481 572 in
1508 531 1710 583 Scociam,
1738 547 1843 588 prae-

342 588 504 643 cipiens
525 588 565 630 ei
583 592 634 629 ut
653 587 699 628 in
718 587 928 642 partibus4
946 587 1113 643 Angliae
1131 588 1309 631 rediret:
1343 602 1444 631 nam
1464 588 1652 644 dispersa
1669 590 1754 633 fuit
1771 591 1847 633 illa

342 649 530 700 potestas
549 645 804 687 rusticorum
816 659 892 701 per
910 645 1124 701 quendam
1143 646 1337 697 militem,
1356 646 1559 702 majorem
1578 647 1846 704 London[en-

343 703 464 758 sem],
476 702 552 757 qui
567 702 732 745 dictum
745 703 953 745 rusticum
968 717 1066 746 cum
1081 704 1190 759 ejus⁵
1204 704 1481 760 complicibus
1496 704 1661 748 occidit.
1719 706 1847 748 Anno

344 760 523 802 Domini
551 767 605 802 ΜΟ
623 767 712 803 ccc0
727 761 914 811 lxxxiii,⁶
931 761 1053 803 finito
1079 764 1322 816 treugarum
1350 762 1544 814 termino,
1562 762 1860 806 Archibaldus·

345 819 397 860 de
427 818 628 873 Douglas,
658 818 856 861 dominus
887 818 1137 870 Galwidiae‚⁷
1169 819 1315 862 videns
1349 820 1526 875 injurias
1560 823 1604 863 et
1637 821 1772 863 caedes
1801 821 1848 863 in

343 876 542 931 gentibus
562 876 650 918 suis
669 890 744 932 per
755 876 959 932 Anglicos
979 877 1124 928 factas,
1144 881 1391 933 congregato
1411 878 1599 920 exercitu
1618 879 1848 921 amicorum

345 947 530 985 suorum,
572 938 758 976 castrum
789 934 842 977 de
880 934 1167 977 Lochmaban⁸
1200 935 1440 978 obsedendo
1479 935 1678 992 optinuit,
1712 940 1756 978 et
1794 937 1848 978 ad

345 996 501 1034 terram
530 992 732 1034 continuo
762 992 1001 1047 prostravit.
1063 992 1186 1044 Quod
1205 993 1398 1036 videntes
1427 992 1611 1049 Anglici,
1640 994 1850 1037 miserunt

346 1049 559 1104 quendam
578 1050 773 1101 militem,
792 1050 872 1092 viz,
901 1050 1103 1093 baronem
1135 1051 1188 1093 de
1222 1051 1418 1102 Grastok‚
1447 1051 1646 1094 timentes
1676 1066 1730 1094 ne
1759 1065 1849 1094 cas-

345 1112 462 1149 trum
481 1107 533 1150 de
564 1107 797 1163 Roxburgh
830 1107 1028 1150 similiter
1060 1109 1106 1150 vi
1140 1109 1373 1163 arriperent
1407 1109 1548 1151 Scoti:
1592 1123 1720 1165 quem
1750 1123 1848 1151 cum

346 1165 539 1208 curribus
557 1168 600 1207 et
620 1166 836 1221 equitibus
851 1166 912 1207 sic
931 1166 1186 1217 venientem,
1207 1180 1305 1208 cum
1324 1166 1459 1209 eciam
1478 1167 1595 1208 omni
1623 1167 1786 1209 familia
1805 1171 1849 1209 et

346 1223 559 1266 utensiliis
579 1223 834 1274 domesticis,
854 1237 992 1266 comes
1012 1223 1312 1274 Marchiarum,
1331 1237 1426 1266 cum
1457 1224 1655 1280 potencia
1683 1228 1846 1267 armata

347 1295 401 1323 ex
439 1285 730 1336 praeconcepta
767 1281 1039 1335 providencia
1071 1281 1259 1332 veniens,
1298 1282 1439 1323 subito
1478 1282 1661 1324 eundem
1704 1295 1848 1325 secum

346 1338 550 1391 abduxit3
590 1342 634 1380 et
664 1351 833 1380 omnem
863 1352 984 1380 suam
998 1339 1207 1381 familiam
1227 1339 1540 1395 trucidando'et
1560 1339 1850 1395 dirumpendo,

346 1395 604 1451 quibusdam
624 1396 772 1451 captis,
791 1396 1048 1451 quibusdam
1063 1396 1225 1448 occisis,
1239 1397 1542 1452 nonnullisque
1554 1397 1722 1452 fugatis,
1735 1398 1849 1453 apud

346 1453 488 1496 locum
522 1453 598 1508 qui
628 1454 798 1509 Benryg
835 1457 1108 1509 nuncupatur
1138 1454 1430 1505 adnichilavit,
1459 1458 1502 1497 et
1535 1455 1671 1510 spolia
1704 1469 1850 1498 eorum

345 1510 478 1567 apud⁹
506 1511 685 1553 Dunbar
718 1525 862 1553 secum
896 1511 1086 1554 adduxit.
1144 1512 1213 1553 Ex
1245 1512 1325 1554 hoc
1359 1512 1474 1554 enim
1505 1513 1613 1554 moti
1645 1515 1747 1555 sunt
1774 1526 1851 1555 rex

345 1569 514 1624 Angliae
543 1572 587 1611 et
615 1569 804 1611 universi
832 1569 1010 1624 majores
1044 1573 1150 1611 natu
1183 1569 1313 1625 regni,
1341 1569 1535 1611 videntes
1565 1570 1729 1625 quam1⁰
1756 1574 1851 1613 acta

347 1627 566 1669 Scotorum
585 1626 897 1677 intollerabilia,
912 1631 956 1669 et
969 1627 1061 1669 viso
1081 1630 1125 1669 et
1144 1627 1406 1670 considerato
1426 1627 1541 1683 quod
1555 1641 1630 1669 rex
1645 1628 1850 1671 Ricardus

345 1684 556 1727 secundus
586 1684 758 1739 juvenis
793 1688 894 1735 erat,
928 1684 1145 1726 communi
1179 1698 1387 1728 consensu
1420 1685 1528 1741 regis
1568 1689 1612 1727 et
1644 1686 1850 1728 baronum

344 1741 650 1784 ordinaverunt
678 1745 721 1784 et
741 1741 1053 1797 deputaverunt
1072 1742 1224 1784 ducem
1253 1742 1573 1798 Long[c]astriae
1602 1743 1850 1795 Henricum,

344 1800 454 1855 regis
483 1799 654 1842 Ricardi
672 1802 885 1855 patruum,
905 1813 1040 1855 usque
1069 1800 1123 1842 ad
1152 1803 1321 1843 aetatem
1349 1800 1458 1856 regis
1488 1805 1633 1843 contra
1661 1801 1848 1843 insultus

347 1858 569 1900 Scotorum
602 1857 772 1913 Angliae
805 1862 1085 1912 protectorem
1119 1862 1249 1913 atque
1283 1858 1570 1911 defensorem3
1609 1861 1664 1910 et,
1697 1859 1751 1900 ad
1785 1873 1849 1901 re-

346 1915 739 1971 compensacionem
770 1915 979 1957 malorum
1011 1915 1320 1971 praedictorum,
1349 1916 1493 1970 ipsum
1526 1929 1624 1958 cum
1653 1916 1850 1971 potencia

346 1976 604 2015 armatorum
636 1972 824 2015 maxima
862 1973 1167 2015 ordinaverunt
1206 1977 1257 2015 ut
1295 1977 1430 2015 totam
1468 1976 1623 2015 terram
1658 1974 1849 2016 Scociaess

346 2045 483 2087 usque
513 2031 567 2073 ad
597 2044 712 2073 mare
741 2030 1013 2073 Scoticanum
1041 2031 1148 2073 ferro
1180 2034 1224 2073 et
1256 2030 1428 2073 flamma
1461 2031 1553 2074 sine
1583 2045 1851 2087 quacumque

346 2088 634 2131 misericordia
647 2088 882 2131 infestaret:
911 2088 1026 2143 quod
1040 2088 1103 2130 ita
1116 2088 1278 2131 factum
1293 2092 1367 2131 est.
1428 2088 1522 2139 Sed,
1535 2088 1629 2144 ipso
1643 2089 1691 2130 in
1706 2089 1853 2132 Scocia

348 2146 569 2199 existente,
589 2150 760 2202 propter
787 2159 986 2201 magnam
1011 2146 1294 2189 curialitatem
1320 2150 1363 2188 et
1393 2146 1581 2188 favorem
1600 2160 1729 2202 quam
1758 2147 1851 2202 ipse

347 2205 394 2246 in
434 2204 580 2247 Scocia
613 2203 718 2246 olim
746 2203 964 2255 habuerat,
997 2204 1140 2246 minus
1174 2203 1322 2259 quod¹²
1354 2207 1521 2259 poterat
1553 2204 1658 2260 ipsis
1692 2205 1848 2247 nocuit.

349 2262 534 2304 Intravit
567 2262 682 2304 enim
715 2261 763 2303 in
801 2261 1034 2304 ebdomada
1072 2261 1287 2304 Passionis
1325 2261 1503 2303 Domini
1541 2262 1675 2304 nostri
1712 2263 1742 2305 J
1745 2262 1849 2305 hesu

161 2333 231 2357 ΔΑ).
249 2325 336 2357 1385.
350 2319 520 2371 Christi,
541 2333 652 2362 anno
673 2319 911 2362 Dominicae
931 2319 1146 2362 Passionis
1166 2319 1418 2374 supradictae
1436 2325 1486 2361 Μο
1498 2319 1758 2363 ccc⁰lxxxv⁰.

410 2451 423 2474 ¹
441 2453 482 2486 D.
502 2464 528 2486 s.

410 2497 425 2519 ²
442 2499 479 2533 O.
497 2500 535 2533 Ε.
556 2500 638 2533 have
662 2500 795 2533 occisus
820 2502 874 2533 est
897 2499 1059 2533 dominus
1083 2499 1264 2533 Johannes
1288 2500 1396 2542 Lyon,
1415 2500 1576 2533 dominus
1600 2499 1642 2533 de
1666 2499 1845 2540 Glammis,

350 2557 411 2590 per
427 2546 617 2579 dominum.
875 2545 889 2567 ³
906 2547 941 2580 C.
962 2547 1001 2579 E.
1022 2547 1137 2580 nudus
1154 2547 1249 2580 arsit.
1300 2548 1459 2590 Insuper.

414 2590 428 2614 4
446 2592 482 2625 Β.
501 2596 628 2634 partes.
871 2591 886 2614 ⁵
902 2594 939 2626 B.
959 2594 996 2627 C.
1016 2594 1057 2626 D.
1077 2594 1116 2627 Ε.
1136 2594 1194 2626 eis.
1384 2593 1399 2615 ὓ
1414 2594 1451 2627 C.
1469 2593 1508 2627 Ε.
1526 2591 1674 2626 lxxxiiii.

413 2637 428 2661 ⁷
444 2639 481 2672 C.
500 2639 542 2672 D.
564 2639 602 2673 Ε.
621 2638 872 2679 Gallouwidiae,
890 2641 962 2673 and
976 2651 1013 2674 80
1025 2641 1168 2682 passim.

412 2684 426 2707 ⁸
443 2686 479 2720 Ο.
500 2686 538 2718 Ε.
561 2685 801 2719 Lowmabane.
852 2687 894 2719 D.
914 2687 1172 2720 Louchmaban.
1385 2685 1400 2708 ⁰
1416 2686 1452 2719 O.
1471 2686 1511 2720 Ε.
1529 2686 1601 2719 add
1616 2687 1769 2719 castrum
1785 2686 1838 2721 de.

397 2731 426 2754 1⁰
441 2732 477 2766 Ο.
496 2734 538 2767 D.
557 2732 597 2766 E.
616 2732 726 2775 quasi.
1368 2731 1394 2753 ¹¹
1412 2733 1452 2767 Β.
1470 2734 1565 2766 omits
1582 2732 1719 2766 Seoeiae.

397 2779 425 2802 ¹²
442 2790 549 2824 quam
564 2779 759 2813 substituted
775 2780 809 2812 in
827 2781 971 2822 marain.
1021 2780 1059 2814 B.
1078 2790 1193 2823 quam.
