2008 3360
772 294 897 324 11111111
918 293 1074 325 NONUS.
1604 285 1685 324 297

176 400 435 451 abducendo,
482 400 725 442 notabiliter
772 399 1059 442 remuneravit
1107 404 1151 442 et
1198 399 1427 441 honorifice
1475 399 1687 441 tractavit.

175 459 336 501 Eodem
366 472 477 500 anno
507 459 554 500 in
583 458 848 500 Normannia
877 458 1152 500 commissum
1182 462 1246 500 est
1275 457 1496 513 personale
1525 457 1689 499 bellum

173 516 285 558 inter
303 531 394 558 xxx
414 516 617 572 Anglicos
637 519 680 558 et
700 530 791 557 xxx
820 517 1028 558 Francos:
1056 516 1132 557 ubi
1152 515 1337 572 Anglici,
1352 520 1523 571 propter
1542 529 1688 557 eorum

174 575 418 629 superbiam
449 578 492 617 et
520 574 817 630 arroganciam,
849 574 1036 616 convicti
1072 578 1184 625 sunt,
1216 574 1366 616 multis
1396 573 1560 624 occisis,
1591 573 1687 614 aliis

175 633 359 687 captivis
394 633 590 675 abductis
625 637 669 674 et
702 632 958 687 redemptis:
1003 635 1047 674 et
1086 632 1165 674 hoc
1196 646 1272 687 per
1310 631 1520 674 astuciam
1558 630 1688 672 unius

175 691 449 741 Gallicorum,
477 690 564 745 qui,
604 691 651 731 in
690 690 900 745 principio
940 689 1215 745 congressus,l
1256 690 1488 732 ascendens
1529 703 1688 744 equum

174 762 303 803 quem
338 762 364 790 a
398 762 499 790 casu
532 749 730 803 repperit,
774 748 897 790 hasta
931 748 1109 798 vibrata,
1143 753 1187 790 et
1221 752 1370 803 postea
1405 761 1503 790 cum
1535 746 1688 802 gladio,

174 807 311 848 aciem
344 807 448 848 belli
477 806 715 862 Anglorum
750 806 993 848 invadendo
1028 811 1072 848 et
1102 806 1407 861 prosternendo
1440 805 1613 860 dirupit,
1644 809 1687 846 et

174 864 299 906 sociis
315 864 540 906 introitum
559 865 726 919 paravit
743 881 752 916 ;
787 879 865 907 nec
886 878 940 907 ex
960 878 1106 906 eorum
1126 878 1302 906 numero
1332 864 1417 906 nisi
1437 877 1550 906 unus
1571 863 1688 905 solus

176 923 384 966 occubuit.
444 923 502 964 Et
522 922 656 965 honor
677 922 855 965 Gallicis
876 936 1055 978 magnus
1075 922 1290 966 remansit.

172 1114 388 1169 §equitur
407 1115 455 1159 he
485 1115 666 1159 shhmtn
696 1116 808 1171 mgis
830 1115 1006 1171 31119110
1022 1116 1071 1160 in
1091 1115 1294 1169 §ruciam
1324 1116 1426 1170 pazt
1455 1114 1693 1169 raptionem

261 1182 464 1235 8011111313
503 1184 544 1226 2t
583 1182 632 1226 112
680 1182 969 1237 resignatione
1015 1182 1131 1238 jutis
1171 1182 1389 1238 ptaetmziss
1431 1181 1692 1234 galliorum*

260 1249 349 1303 tzgi
369 1247 667 1303 gualia—GL
691 1248 786 1293 xlii.

175 1341 413 1406 ss-XNNO
448 1358 627 1400 Domini
656 1367 709 1400 Μο
721 1363 811 1401 000ο
823 1358 899 1409 lv,⁵
928 1359 974 1400 in
1004 1372 1150 1401 mense
1180 1357 1409 1408 Februarii,
1439 1357 1576 1412 primo
1607 1357 1689 1408 die,

174 1416 408 1458 Edwardus
439 1416 491 1458 de
511 1416 750 1469 WVindesor,
771 1417 950 1459 moleste
971 1417 1109 1459 ferens
1131 1417 1377 1472 capcionem
1406 1416 1459 1458 de
1487 1416 1690 1467 Berwico,

175 1475 364 1516 exercitu
376 1478 637 1530 congregato,
650 1475 704 1516 ad
717 1475 874 1516 dictam
888 1475 1037 1517 villam
1050 1474 1354 1517 obsedendamss
1365 1489 1410 1517 se
1422 1475 1688 1530 praeparavit.

176 1532 300 1583 Quod
339 1532 534 1574 videntes
573 1532 690 1574 villae
730 1532 938 1583 custodes,
978 1533 1127 1575 multis
1172 1533 1225 1575 de
1265 1533 1404 1574 causis
1453 1532 1603 1574 villam
1642 1546 1689 1574 se

174 1591 375 1632 timentes
391 1604 477 1632 non
493 1590 728 1641 defendere,
746 1591 893 1645 primo,
907 1591 1007 1646 quia
1022 1591 1148 1646 pauci
1163 1595 1284 1633 erant
1299 1590 1381 1632 viri
1397 1589 1690 1632 defensibiles⁷

175 1648 303 1689 armis
323 1648 579 1702 praemuniti,
599 1649 798 1698 secundo,
818 1649 920 1703 quia
948 1648 1153 1690 victualia
1182 1662 1269 1690 non
1298 1648 1524 1699 habebant,
1545 1648 1688 1698 tercio,

176 1706 278 1761 quia
298 1706 559 1748 ferocitatem
579 1682 878 1761 tiran[ni]dem
899 1706 1004 1748 dicti
1023 1707 1132 1761 regis
1162 1706 1383 1756 timebant,
1403 1711 1566 1760 quarto,
1586 1706 1688 1760 quia

174 1763 344 1805 nullum
383 1778 631 1806 succursum
671 1764 723 1806 de
762 1764 943 1820 propriis
978 1764 1244 1819 principibus
1283 1764 1445 1806 eisdem
1485 1763 1686 1806 advenire

174 1822 424 1876 sperabant:
454 1826 627 1876 propter
647 1822 762 1877 quod
782 1822 1034 1877 sapienciori
1053 1823 1122 1864 usi
1151 1822 1340 1872 consilio,
1360 1821 1413 1863 de
1442 1821 1685 1864 reddicione

174 1880 301 1930 villae,
321 1880 450 1921 salvis
470 1880 553 1921 sibi
573 1881 664 1922 vita
683 1885 727 1922 et
746 1880 880 1931 bonis,
900 1894 999 1922 cum
1027 1880 1159 1922 libero
1180 1880 1395 1922 conductu
1423 1879 1478 1921 ad
1503 1879 1686 1934 patriam

174 1938 320 1988 redire,
341 1938 393 1979 de
414 1938 636 1980 eoncordia
655 1941 898 1988 tractantes,
919 1938 1067 1980 villam
1094 1938 1183 1993 regi
1202 1938 1370 1993 Angliae
1398 1937 1685 1980 reddiderunt.

173 1995 231 2036 Et
251 1996 323 2046 sic,
344 1996 396 2038 de
415 1996 538 2038 bonis
550 1996 786 2051 Anglorum
798 1996 1012 2051 locupleti,
1029 1996 1083 2038 ad
1095 1996 1265 2052 propria
1279 1998 1529 2038 remearunt.
1591 1996 1686 2046 Quo

174 2054 298 2103 facto,
318 2053 552 2096 Edwardus
574 2054 625 2096 de
646 2054 828 2096 Balliolo
849 2068 988 2097 coram
1008 2068 1104 2110 rege
1123 2054 1303 2110 Angliae,
1319 2054 1434 2109 apud
1454 2053 1685 2108 Roxburgh

175 2110 396 2162 existente,
416 2112 464 2153 in
483 2112 623 2154 verbis
648 2126 743 2167 quae
773 2116 975 2154 secuntur
1005 2112 1301 2168 [prorumpens
1331 2111 1461 2167 dixit]
1481 2128 1489 2153 :
1518 2116 1540 2132 “
1555 2112 1591 2153 O
1613 2125 1685 2153 ex-

175 2168 475 2211 cellentissime
501 2170 708 2224 princeps,
729 2173 772 2212 et
791 2171 1086 2224 potentissime
1106 2184 1193 2225 prae
1213 2170 1409 2212 omnibus
1429 2169 1556 2211 hodie
1575 2183 1686 2211 mor-

175 2226 345 2276 talibus,
377 2240 453 2281 ego
482 2227 564 2277 hic,
594 2241 734 2269 coram
764 2228 882 2269 omni
911 2228 1073 2269 milicia
1105 2232 1258 2278 vestra,
1289 2241 1413 2269 omne
1440 2228 1513 2282 jus
1541 2241 1686 2269 meum

174 2284 290 2339 quod
318 2284 366 2325 in
394 2298 521 2339 regno
552 2261 710 2327 ’Scociae
729 2284 875 2336 habeo,
895 2285 1123 2351 praetendo,
1143 2285 1214 2327 vel
1242 2286 1397 2327 habere
1425 2285 1472 2326 in
1492 2285 1686 2327 futurum

176 2346 334 2397 potero,
354 2341 475 2383 vobis
505 2342 679 2398 integre,
707 2342 908 2397 plenarie,
938 2343 1123 2394 omnino,
1144 2343 1288 2398 quiete
1317 2343 1495 2409 resigno,
1515 2343 1686 2394 tribuo,8

176 2400 286 2442 dono
321 2404 365 2442 et
393 2399 611 2454 relinqu03
649 2405 860 2466 quatenus
899 2414 969 2442 me
1008 2400 1224 2443 ulciscaris
1260 2400 1313 2443 de
1351 2401 1538 2443 inimicis
1577 2401 1684 2443 meis

176 2457 314 2500 Scotis
343 2458 628 2512 nequissimis,
648 2458 724 2513 qui
752 2471 822 2500 me
851 2472 905 2500 ne
934 2458 1171 2513 regnarem⁹
1200 2472 1327 2514 super
1356 2472 1427 2501 eos
1456 2458 1684 2502 crudeliter

175 2516 468 2571 abjecebant.1⁰
525 2516 598 2557 Ad
627 2516 750 2570 cujus
770 2516 873 2558 facti
893 2516 1158 2558 evidenciam
1186 2516 1257 2559 hic
1287 2531 1484 2559 coronam
1512 2517 1684 2573 regiam,

174 2578 401 2629 sceptrum,
422 2587 520 2616 cum
540 2577 652 2616 terra
681 2579 724 2616 et
753 2573 895 2629 lapide
925 2574 1030 2616 dicti
1058 2574 1183 2616 fundi
1213 2575 1381 2626 Scociae,
1401 2575 1494 2626 tibi,
1523 2576 1570 2617 in
1599 2575 1683 2630 sig-

175 2645 280 2673 num
310 2631 435 2674 dictae
463 2631 764 2687 resignacionis
793 2636 922 2687 atque
951 2631 1208 2684 donacionis,
1232 2647 1327 2676 mea
1355 2634 1525 2689 propria
1552 2647 1685 2675 manu

237 2763 249 2785 ¹
267 2764 304 2798 C.
323 2765 364 2798 Ε.
382 2765 455 2798 add
470 2764 594 2798 videns
612 2765 778 2809 Anglicos
795 2764 839 2798 ad
856 2765 1006 2798 invicem
1026 2765 1184 2800 nodatos.
1295 2766 1310 2787 ²
1328 2766 1367 2800 D.
1388 2766 1552 2800 Beruicae.

236 2811 251 2832 3
267 2811 405 2845 Altered
411 2813 511 2853 from
527 2815 708 2855 praetense.
759 2812 797 2845 B.
817 2813 854 2848 C.
874 2813 914 2846 D.
935 2813 974 2845 E.
993 2817 1172 2856 praetense.

238 2857 253 2878 ⁴²
270 2858 308 2892 C.
327 2859 367 2892 E.
387 2859 624 2893 Balliolorum.
793 2858 807 2880 ⁵
825 2860 861 2893 O.
882 2859 919 2893 Ε.
939 2859 1010 2893 xlv.
1298 2859 1313 2881 ⁶
1330 2861 1367 2894 O.
1387 2860 1634 2893 obsedandam.

236 2903 250 2927 ⁷
267 2905 303 2938 O.
323 2905 363 2938 E.
381 2905 623 2940 defensabiles.
1297 2906 1311 2928 ⁸
1330 2908 1370 2941 D.
1387 2908 1477 2940 adds
1494 2909 1539 2939 et.

236 2950 251 2972 ⁹
268 2952 304 2986 C.
324 2953 543 2997 resignarem.
1282 2954 1309 2975 ¹⁰
1327 2955 1363 2988 C.
1384 2955 1421 2987 E.
1440 2954 1656 2996 abjecerunt.

1713 1373 1784 1398 ΔΛ).
1802 1365 1889 1397 1355.
