2008 3360
333 271 351 308 1
361 269 382 309 7
390 271 413 308 2
818 277 944 308 mmm
963 276 1322 309 PLUSGARDENSIS.

330 386 374 425 et
392 381 480 424 filio
505 395 593 433 suo,
611 381 784 432 heredi,1
804 381 933 422 fidem
962 385 1006 422 et
1035 380 1286 422 fidelitatem
1302 384 1530 422 servarent
1548 379 1637 435 ipse
1657 383 1700 423 et
1719 380 1832 422 filius

329 454 433 483 suus
454 440 593 482 dictus
613 438 879 481 Alexander:
910 438 985 492 qui
1013 438 1101 493 regi
1129 437 1309 492 Angliae,
1329 441 1499 492 propter
1517 439 1833 480 maritacionem

329 498 429 540 filiae
458 512 546 539 suae
566 497 713 539 comiti
739 495 943 537 Bononiae
973 495 1064 537 sine
1094 508 1301 536 consensu
1329 495 1477 550 ipsius,
1497 495 1715 538 emendam
1735 510 1833 538 con-

330 556 503 611 dignam
526 554 697 608 accepit.
758 554 870 595 Item
899 553 1143 595 Alexander
1172 566 1247 595 rex
1277 553 1444 602 Scociae,
1473 553 1653 594 sororius
1681 557 1834 603 noster,

330 617 374 655 et
401 613 514 668 patri
542 616 685 653 nostro
706 614 749 653 et
771 610 894 653 nobis
923 624 999 665 pro
1028 624 1155 666 regno
1186 611 1342 652 Scociae
1372 609 1564 652 debitum
1592 609 1834 666 homagium

330 672 441 713 fecit.
521 670 674 711 Postea
711 682 823 719 vero,
862 682 989 723 regno
1027 672 1207 710 vacante
1250 681 1327 723 per
1364 672 1545 710 mortem
1585 667 1690 710 dicti
1727 668 1834 723 regis

329 727 577 777 Alexandri,
606 730 650 769 et
684 727 1001 781 subsequenter,
1029 729 1128 781 post
1161 730 1342 767 mortem
1372 725 1562 780 ejusdem
1594 725 1704 780 regis
1738 725 1835 767 filiae

331 786 582 841 Margaretae
611 788 654 827 et
679 784 845 827 heredis
876 784 1045 834 Scociae‚
1065 784 1206 839 neptis
1236 788 1402 834 nostrae,
1424 796 1569 825 omnes
1598 782 1764 838 praelati
1793 786 1837 824 et

330 856 535 899 proceres,
555 856 653 884 cum
682 842 1063 885 communitatibus
1092 841 1211 897 regni
1244 842 1411 892 Scociae,
1433 840 1487 882 ad
1508 854 1597 891 nos,
1617 840 1672 883 ad
1702 839 1837 881 domi-

330 915 438 943 num
468 900 739 956 legitimum,2
759 900 1032 950 defensorem,
1053 899 1113 942 et³
1140 899 1300 954 legium
1326 899 1477 941 ducem
1504 902 1548 940 et
1573 898 1774 953 aurigam,
1795 901 1839 940 et

329 959 552 1001 dominum
572 958 796 1014 capitalem
818 958 1008 1013 ejusdem
1036 957 1156 1012 regni
1184 958 1245 999 sic
1271 957 1492 1006 vocantis}
1510 959 1629 1011 grata
1648 959 1692 998 et
1711 969 1838 1010 spon-

330 1021 457 1059 tanea
475 1016 709 1067 voluntate,
728 1020 855 1072 prout
873 1016 1139 1066 tenebantur,
1160 1015 1466 1065 confluxerunt,
1487 1018 1530 1056 et
1550 1014 1623 1068 jus
1642 1017 1837 1055 nostrum

330 1074 391 1117 et³
405 1075 722 1130 progenitorum
737 1078 976 1116 nostrorum
988 1077 1115 1128 atque
1131 1076 1442 1115 antecessorum
1463 1071 1517 1114 ad
1531 1071 1839 1126 possessionem

331 1132 640 1188 superioritatis
661 1135 705 1175 et
735 1132 885 1174 directi
915 1131 1095 1173 dominii
1114 1131 1161 1172 in
1180 1144 1325 1172 eorum
1344 1143 1484 1185 regn0,
1505 1134 1548 1171 et
1563 1129 1700 1184 ipsius
1720 1128 1840 1183 regni

330 1191 653 1246 subjeccionem,
674 1204 728 1232 ex
747 1194 861 1232 certa
890 1189 1084 1239 sciencia,
1103 1202 1208 1244 pure
1228 1187 1288 1230 et⁵
1311 1187 1562 1242 simpliciter
1581 1190 1624 1228 et
1643 1186 1836 1228 absolute

329 1252 672 1304 recognoverunt.
733 1248 801 1298 Et,
821 1247 1021 1302 praestitis
1053 1246 1175 1288 nobis
1210 1246 1263 1287 ab
1294 1245 1463 1295 eisdem,
1484 1249 1689 1299 tanquam
1711 1257 1836 1298 supe-

330 1306 431 1348 riori
462 1309 506 1348 et
540 1305 690 1348 directi
718 1305 899 1347 dominii
918 1304 1101 1354 domino,
1123 1303 1277 1345 debitis
1311 1306 1352 1344 et
1389 1302 1600 1344 consuetis
1619 1301 1837 1343 fidelitatis

324 1363 598 1419 ,1111010001οἾὅ
625 1377 673 1405 00
703 1361 978 1413 civitatibus]
997 1362 1140 1417 burgis
1162 1365 1205 1403 et
1226 1361 1385 1410 castris,
1405 1374 1502 1402 cum
1529 1359 1690 1402 caeteris
1718 1359 1838 1414 regni

330 1421 656 1471 municionibus,
677 1420 724 1462 in
743 1420 940 1462 manibus
961 1420 1114 1461 nostris
1143 1418 1331 1469 redditis,
1349 1418 1402 1459 ad
1423 1417 1659 1459 custodiam
1687 1430 1837 1459 eorun-

333 1479 431 1521 dem
460 1493 508 1521 ac
536 1479 656 1534 regni
686 1482 853 1520 curatos
880 1478 976 1533 jure
1003 1480 1145 1519 nostro
1175 1475 1287 1530 regio
1319 1475 1518 1517 officiales
1548 1478 1591 1516 et
1619 1474 1836 1516 ministros

332 1536 656 1592 deputavimus:
691 1536 848 1591 quibus
883 1535 1133 1577 officialibus
1164 1534 1248 1589 ipsi
1286 1533 1448 1575 domini
1486 1532 1614 1587 regni,
1649 1536 1837 1586 tempore

330 1594 570 1637 vacacionis
591 1594 792 1649 ejusdem,
812 1593 986 1635 fuerunt
1015 1592 1272 1641 obedientes,
1292 1604 1341 1633 ac
1370 1590 1525 1632 nostris
1554 1589 1774 1644 praeceptis
1795 1594 1839 1631 et

327 1653 495 1707 juribus
524 1652 651 1707 regiis
671 1651 896 1706 diligenter
915 1650 1194 1692 intendentes.
1254 1649 1357 1690 Post
1386 1647 1475 1690 haec
1500 1652 1643 1689 autem
1662 1647 1839 1689 diversae

330 1723 532 1765 personae,
552 1723 678 1765 super
701 1708 963 1751 successione
984 1707 1089 1750 dicti
1116 1706 1235 1762 regni
1263 1706 1536 1756 decertantes,
1556 1704 1610 1747 ad
1638 1718 1715 1747 nos
1745 1709 1839 1746 tan-

331 1781 461 1823 quam
481 1767 535 1810 ad
555 1767 776 1809 dominum
803 1766 1059 1821 superiorem
1088 1765 1208 1819 regni
1226 1767 1501 1814 accesserunt,
1516 1762 1735 1818 justiciam
1763 1775 1839 1816 per

309 1839 421 1882 nos,
455 1838 582 1880 super
615 1826 711 1880 jure
750 1823 1026 1867 successionis
1066 1822 1172 1864 dicti
1209 1821 1338 1877 regni,
1377 1821 1460 1863 sibi
1493 1820 1582 1862 fieri
1621 1824 1839 1874 petentes3

331 1883 522 1926 volentes
557 1883 692 1925 eciam
725 1885 769 1925 et
803 1895 998 1938 expresse
1031 1884 1224 1936 petentes
1264 1883 1309 1921 et
1342 1878 1658 1921 consencientes
1697 1890 1837 1919 coram

331 1942 467 1992 nobis,
481 1945 687 1996 tanquam
702 1939 943 1996 superiore?
955 1942 1004 1980 ut
1018 1938 1303 1994 praemittitur,
1318 1936 1406 1991 juri
1426 1940 1548 1985 stare,
1562 1938 1605 1977 et
1619 1934 1838 1990 justiciam

331 2003 522 2041 nostram
550 2003 777 2054 acceptare.
836 1998 894 2039 Et
922 1997 1108 2046 demum,
1131 1994 1358 2037 earundem
1378 1993 1570 2048 parcium
1594 1993 1762 2047 juribus
1793 1995 1837 2034 et

333 2056 663 2112 allegacionibus
702 2069 842 2098 coram
875 2054 1010 2104 nobis,
1043 2056 1093 2095 ut
1125 2051 1411 2107 praemittitur,
1445 2050 1706 2106 judicialiter
1743 2063 1839 2105 pro—

332 2115 483 2170 positis
515 2114 773 2156 sufficienter
806 2112 977 2163 auditis,
1007 2110 1189 2154 testibus
1224 2109 1377 2165 juratis
1412 2113 1455 2151 et
1486 2107 1738 2151 examinatis
1777 2107 1840 2150 et⁹

333 2172 559 2228 diligenter
577 2171 818 2221 intellectis,
838 2170 886 2212 in
904 2169 1134 2225 praesencia
1162 2167 1353 2210 omnium
1381 2166 1651 2222 praelatorum
1670 2168 1715 2207 et
1742 2179 1857 2220 pro-,

334 2244 478 2272 cerum
490 2230 697 2272 nobilium
714 2228 832 2284 regni
847 2227 1036 2283 ejusdem
1056 2226 1223 2276 Scociae,
1239 2239 1287 2267 ac
1303 2225 1356 2267 de
1367 2224 1589 2266 voluntate
1605 2227 1647 2265 et
1662 2236 1837 2265 assensu

335 2288 564 2329 earundem
582 2287 775 2343 parcium
790 2286 1010 2342 justiciam
1024 2283 1278 2340 petencium‚
1294 2282 1507 2338 quendam
1526 2282 1557 2323 J
1559 2281 1768 2323 ohannem
1783 2280 1835 2321 de

335 2345 515 2387 Balliolo
534 2346 582 2386 in
600 2359 740 2401 regem
759 2343 945 2400 praeferri
968 2342 1281 2398 judicavimus3
1309 2354 1437 2395 quem
1462 2339 1700 2394 legitimum
1718 2337 1836 2379 here-

336 2403 434 2445 dem
463 2403 593 2457 regni,
623 2408 667 2445 et
691 2403 789 2457 jura
817 2402 987 2457 pociora
1016 2400 1070 2442 ad
1103 2412 1281 2455 regnum
1313 2398 1553 2447 habentem,
1582 2395 1835 2437 invenimus.

336 2460 476 2511 Quam
504 2464 693 2502 nostram
712 2459 973 2502 sentenciam
993 2471 1138 2500 omnes
1158 2455 1334 2512 praelati,
1354 2456 1530 2497 barones
1558 2457 1601 2495 et
1623 2450 1836 2495 barones²⁰

334 2531 384 2560 ac
398 2517 518 2572 regni
531 2517 855 2559 communitates
871 2519 914 2559 et
932 2515 1083 2558 incolae
1102 2517 1437 2569 acceptaverunt,
1448 2508 1837 2567 provulgaverant11

334 2579 378 2618 et
397 2588 592 2630 expresse
613 2575 976 2629 approbaverunt3
1005 2587 1053 2614 ac
1072 2572 1215 2627 ipsum
1234 2571 1264 2613 J
1266 2570 1487 2619 ohannem,
1505 2567 1693 2623 praestito
1713 2567 1837 2608 nobis

335 2633 452 2689 prius
482 2632 700 2674 fidelitatis
721 2636 764 2673 et
783 2631 970 2686 homagii
993 2631 1246 2684 juramento,
1266 2628 1312 2669 in
1331 2641 1472 2682 regem
1501 2625 1836 2668 sublimaverunt

398 2740 412 2762 ¹
428 2741 467 2774 B.
485 2740 657 2779 heredem,
678 2739 749 2771 and
764 2739 861 2772 omits
877 2737 990 2770 fidem.
1231 2733 1245 2755 2
1261 2734 1298 2766 B.
1318 2733 1405 2766 adds
1421 2735 1465 2765 et.
1515 2732 1557 2764 D.
1576 2732 1639 2764 has
1655 2734 1692 2765 et
1708 2733 1833 2767 erased.

334 2794 343 2832 ᾗ,
398 2786 413 2809 ³
429 2788 468 2821 Β.
488 2789 584 2820 omits
600 2788 646 2820 et.
781 2783 796 2805 4
812 2785 851 2818 B.
872 2785 914 2817 D.
932 2782 1099 2816 vacantis.
1226 2780 1241 2802 ⁵
1256 2781 1295 2813 B.
1314 2781 1410 2813 omits
1426 2782 1471 2812 et.
1521 2779 1563 2812 D.
1582 2779 1645 2811 has
1654 2781 1691 2811 et
1707 2779 1833 2812 erased.

398 2833 413 2855 ⁶
429 2835 467 2868 B.
484 2833 702 2876 juramentis.
892 2830 906 2853 7
923 2831 962 2863 Β.
980 2828 1214 2863 comitatibus.
1411 2824 1426 2847 ⁸
1441 2826 1481 2858 Β.
1500 2826 1541 2858 D.
1561 2825 1737 2869 superiori.

398 2880 413 2902 ⁹
429 2883 467 2915 B.
485 2882 528 2914 D.
549 2891 599 2915 ac.
882 2876 910 2899 ¹⁰
927 2878 969 2911 D.
987 2886 1154 2920 proceres.
1203 2875 1242 2908 B.
1261 2875 1357 2907 omits
1374 2875 1411 2906 et
1427 2872 1582 2907 barones.

382 2928 410 2950 ¹¹
427 2929 466 2962 B.
484 2926 800 2971 promulgaverunt.
850 2925 892 2959 D.
911 2924 1201 2969 prowlgaverunt.
