2008 3360
776 286 902 317 LIBER
922 286 1081 317 NONUS.
1613 278 1694 318 287

178 392 449 436 Rosmarkin¹
462 392 722 435 inhumatus.
784 392 870 434 Hic
883 393 949 434 vir
961 392 1129 435 validus
1146 392 1229 434 fuit
1245 396 1288 434 et
1303 393 1448 447 magni
1463 392 1695 447 regiminis,

176 457 221 493 et
249 452 436 493 multum
470 450 674 506 justiciae2
707 450 889 501 deditus,
924 465 972 492 ac
1007 452 1054 492 in
1088 451 1284 506 operibus
1317 450 1617 492 misericordiae
1649 454 1693 491 et

177 510 315 551 divini
335 510 503 552 servicii
522 510 681 551 beatus.
745 509 900 551 Omnia
920 509 1035 551 enim
1055 513 1193 550 castra
1213 514 1256 551 et
1275 509 1486 551 fortalicia
1507 523 1560 550 ex
1573 511 1692 563 parte

176 568 327 609 boriali
361 582 482 622 aquae
512 567 564 610 de
594 567 737 617 Forth,
771 572 924 622 praeter
959 567 1090 608 Perth
1122 571 1166 608 et
1199 567 1390 622 Cuprum
1420 567 1468 608 in
1503 567 1610 617 Fife‚
1639 567 1693 607 ad

174 640 325 680 pacem
359 626 502 667 David
541 626 650 680 regis
689 626 918 667 restrinxit.
981 625 1084 667 Post
1123 625 1246 680 cujus
1286 625 1519 675 decessum,
1559 638 1691 679 nepos

176 684 285 739 regis
306 683 480 734 David?
501 684 710 725 Robertus
743 684 923 733 Stevart,
943 697 1019 725 rex
1043 683 1225 734 futurus,
1247 683 1424 725 effectus
1454 687 1519 725 est
1549 688 1691 724 custos

176 743 359 784 Scociae:
409 742 497 796 qui,
530 741 633 783 licet
661 742 836 796 juvenis
871 746 972 792 erat,
1008 741 1162 783 seniles
1195 745 1342 783 tamen
1373 755 1511 782 mores
1546 745 1693 783 contra

174 800 415 855 Anglorum
448 805 619 854 gentem
653 800 766 854 cepit
782 798 818 851 ;'²
853 800 928 854 qui
963 800 1099 841 eciam
1132 813 1269 854 usque
1304 800 1539 841 adventum
1582 800 1692 854 regis

174 858 319 900 David
350 858 403 900 de
422 858 601 899 Francia
621 871 798 912 regnum
817 858 1037 912 potissime
1057 862 1100 899 et
1120 858 1321 899 nobiliter
1339 858 1461 900 rexit.
1523 857 1578 898 In
1607 871 1692 912 quo

174 919 364 971 tempore
399 916 598 958 dominus
629 915 875 957 Willelmus
916 916 968 957 de
1008 915 1210 971 Douglas,
1249 930 1336 957 non
1385 916 1477 957 sine
1526 916 1692 971 magnis

172 974 390 1016 laboribus
421 978 465 1016 et
493 974 643 1029 poenis,
663 977 799 1015 totam
828 973 1091 1015 Tevidaliam
1112 973 1165 1015 ad
1185 987 1335 1028 pacem
1357 974 1480 1028 regis,
1501 973 1692 1028 expulsis

173 1033 380 1087 Anglicis,
409 1032 590 1074 reduxit.
653 1031 802 1082 Quem,
825 1036 998 1086 propter
1026 1032 1118 1086 ejus
1148 1032 1456 1082 strenuitatem,
1478 1031 1692 1073 Henricus

175 1091 227 1132 de
262 1091 410 1144 Derby
439 1094 482 1131 et
512 1090 564 1131 de
596 1090 847 1144 Longcastel
877 1090 1065 1131 multum
1100 1089 1427 1140 commendavit,
1458 1089 1518 1131 et5
1547 1089 1691 1131 videre

173 1148 440 1190 desiderabat
456 1163 466 1199 ;
515 1152 559 1189 et
598 1161 867 1202 congressum
903 1161 1001 1189 cum
1036 1161 1084 1189 eo
1124 1147 1380 1189 manualiter
1411 1147 1565 1189 habere
1593 1161 1692 1189 con-

174 1206 366 1260 cupivit:
396 1205 510 1260 quod
530 1205 791 1260 completum
812 1210 886 1247 est.
949 1205 1032 1247 Sed
1066 1205 1267 1260 Douglas,
1299 1220 1352 1247 ex
1384 1210 1564 1260 ruptura
1594 1219 1688 1260 pro-

173 1265 276 1318 priae
305 1264 455 1305 lanciae
485 1264 529 1304 in
561 1277 693 1304 manu
722 1263 983 1313 vulneratus,
1003 1277 1090 1304 non
1121 1263 1264 1318 potuit
1300 1277 1448 1305 cursus
1479 1264 1690 1318 complere

173 1323 424 1364 nominatos.
514 1322 669 1363 Postea
711 1335 810 1364 vero
851 1327 996 1363 contra
1035 1321 1257 1362 dominum
1301 1321 1597 1363 Alexandrum
1637 1322 1689 1363 de

173 1381 371 1435 Ramsay,
409 1383 514 1421 tunc
553 1379 886 1421 famosissimum
925 1379 1118 1430 militem,
1154 1394 1213 1420 xx
1254 1384 1402 1421 contra
1452 1379 1541 1430 xx}3
1574 1379 1689 1434 apud

173 1439 412 1481 Berwicum
451 1438 593 1480 locum
628 1441 671 1479 et
711 1438 826 1479 diem
866 1436 1135 1479 statuerunt.T
1196 1437 1283 1479 Ubi
1318 1437 1500 1492 quilibet
1530 1437 1688 1492 eligens

175 1497 351 1547 socium,
385 1500 471 1538 tres
506 1509 654 1537 cursus
688 1496 895 1537 militares
930 1496 1277 1550 compleverunt:
1307 1496 1383 1537 ubi
1415 1495 1499 1537 duo
1529 1496 1689 1537 milites

173 1555 340 1609 Angliae
370 1559 413 1596 et
432 1568 544 1595 unus
576 1554 733 1595 Scociae
763 1553 922 1595 mortui
951 1554 1219 1606 ceciderunt3
1264 1554 1386 1607 cujus
1416 1567 1572 1595 nomen
1602 1554 1687 1595 fuit

172 1613 203 1653 J
206 1613 393 1654 ohannes
429 1612 481 1654 de
517 1610 647 1664 Hay,8
681 1611 973 1653 nobilissimus
1013 1612 1202 1666 armiger.
1264 1611 1389 1653 Unus
1429 1626 1529 1653 vero
1564 1612 1687 1653 miles

174 1670 337 1720 Scotus,
357 1669 528 1711 nomine
548 1669 814 1711 Willelmus⁹
833 1669 884 1710 de
910 1670 1107 1724 Ramsay,
1128 1669 1343 1723 quendam
1362 1669 1595 1724 Anglicum
1616 1683 1691 1724 per

174 1732 303 1782 caput
319 1732 362 1770 et
382 1727 636 1769 cerabrum¹⁰
648 1727 875 1777 transfixit,
891 1731 933 1768 et
953 1727 1118 1782 galeam
1140 1740 1192 1768 ex
1212 1731 1393 1781 utraque
1413 1730 1532 1781 parte
1553 1731 1689 1769 trans-

172 1786 350 1837 fodiens,
371 1786 484 1827 facta
504 1785 779 1835 confessione,
801 1789 843 1826 et
863 1785 1012 1826 lancea
1032 1788 1232 1835 extracta,
1253 1785 1300 1825 in
1330 1785 1458 1826 armis
1489 1785 1689 1839 spiritum

173 1844 367 1885 reddidit.
429 1844 483 1884 In
504 1843 651 1885 eodem
671 1857 771 1885 vero
799 1848 988 1897 tempore
1010 1843 1218 1897 quidam¹¹
1240 1842 1449 1897 Anglicus
1471 1856 1496 1883 a
1517 1843 1689 1884 domino

173 1902 357 1943 Patricio
392 1901 443 1943 de
477 1900 700 1943 Graham¹²
733 1905 818 1942 tres
859 1915 1007 1942 cursus
1047 1901 1254 1942 militares
1289 1901 1524 1955 requisivit.
1607 1901 1690 1943 Cui

173 1959 467 2014 respondens¹3
487 1960 628 2000 dictus
650 1959 871 2009 Patricius,
894 1959 1016 2009 dixit,
1047 1963 1069 1980 “
1082 1959 1228 2000 Frater
1248 1959 1342 2009 mi‚'’
1359 1959 1502 2013 jocose
1523 1963 1567 2000 et
1586 1972 1688 2013 gau-

173 2018 332 2068 denter,
353 2022 374 2038 “
389 2018 425 2059 si
444 2018 510 2059 vis
532 2031 701 2059 mecum
722 2031 993 2072 congressum
1012 2017 1179 2067 habere,
1210 2030 1400 2071 praepara
1430 2021 1473 2058 te
1503 2017 1688 2058 crastino

173 2090 271 2116 cum
289 2075 456 2117 Christo
473 2076 672 2118 coenare.''
733 2075 857 2126 Quod
873 2076 1034 2117 factum
1050 2080 1115 2117 est
1128 2074 1211 2116 ut14
1222 2075 1366 2129 jocose
1382 2079 1426 2116 et
1441 2074 1687 2129 prophetice

173 2133 365 2174 locutum
385 2137 474 2185 est3
507 2148 607 2174 nam
636 2133 683 2174 in
712 2134 849 2187 primo
884 2134 974 2175 ictu
1006 2133 1216 2188 Anglicus
1249 2146 1421 2187 corpore
1455 2133 1688 2174 transfixus

173 2194 366 2232 mortuus
394 2194 469 2232 est.
529 2191 673 2232 Multa
693 2191 807 2232 enim
828 2191 943 2232 mala
963 2205 1114 2245 passus
1135 2194 1201 2232 est
1222 2190 1421 2232 dominus
1441 2190 1688 2232 Willelmus

174 2250 224 2290 de
246 2248 435 2304 Douglas
452 2262 527 2303 pro
548 2248 744 2290 libertate
766 2249 957 2290 Scociae
944 2263 991 2289 m
1012 2252 1201 2303 tempore
1219 2262 1294 2289 suo
1315 2262 1390 2302 per
1402 2249 1687 2313 nequissimos

172 2307 376 2362 Anglicos
389 2309 432 2348 et
444 2306 704 2360 Anglicatos.
755 2307 881 2347 Anno
901 2320 1000 2348 vero
1017 2306 1195 2347 Domini
1212 2306 1504 2348 M⁰ccc0xxxix
1519 2306 1688 2348 obsessa

172 2370 237 2406 est
245 2341 361 2406 ovina
381 2364 433 2405 de
454 2364 585 2405 Perth
604 2378 680 2419 per
700 2364 932 2405 Robertum
955 2357 1133 2414 Stevart,
1153 2367 1257 2405 tunc
1278 2364 1498 2406 custodem
1520 2364 1687 2415 Scociae,

170 2423 365 2464 habendo
378 2422 538 2464 ibidem
551 2435 695 2463 secum
709 2422 884 2463 comites
897 2422 949 2463 de
962 2422 1069 2463 Ross
1084 2426 1126 2463 et
1140 2421 1226 2463 de¹⁵
1240 2422 1402 2472 March,
1415 2422 1468 2463 de
1481 2423 1687 2472 Moravia,

171 2495 219 2522 ac
241 2481 462 2522 dominum
483 2480 534 2522 de
557 2479 818 2522 Cliddisdale
834 2483 877 2522 et
892 2479 1163 2521 Willelmum
1184 2479 1237 2521 de
1259 2480 1379 2521 Keth
1399 2480 1451 2522 de
1468 2480 1688 2531 Gascon‚¹⁶

172 2553 269 2580 cum
309 2539 458 2580 multis
500 2538 604 2579 aliis.
667 2538 721 2578 In
761 2551 845 2592 qua
884 2537 989 2578 villa
1019 2542 1110 2579 erat
1140 2541 1281 2579 custos
1317 2537 1500 2580 Thomas
1537 2539 1686 2588 Uther,

235 2662 246 2683 ¹
266 2664 307 2696 D.
326 2662 563 2705 Dunfermlyn
581 2662 667 2694 later
684 2661 783 2694 above
801 2661 1015 2694 Rosmarkin
1032 2662 1165 2694 deleted.
1264 2660 1278 2682 2
1295 2662 1331 2696 O.
1352 2663 1393 2695 E.
1411 2663 1517 2705 juste.

235 2709 249 2729 3
266 2710 302 2743 C.
322 2710 363 2743 Ε.
381 2712 463 2742 omit
480 2709 606 2742 David.
751 2707 765 2729 ’1
781 2708 818 2741 C.
838 2709 877 2741 E.
897 2709 1060 2751 suscepit.
1263 2708 1277 2728 ⁵
1295 2710 1332 2743 C.
1352 2710 1392 2743 E.
1411 2712 1492 2743 omit
1511 2714 1555 2744 et.

235 2755 249 2776 ⁰
267 2757 305 2790 B.
324 2759 421 2789 omits
437 2759 560 2789 contra
577 2767 636 2789 xx.
1262 2756 1275 2777 ⁷
1294 2757 1331 2790 B.
1351 2758 1489 2790 statuit.

238 2802 251 2824 ⁸
267 2804 303 2836 O.
325 2804 365 2836 E.
385 2804 490 2846 Haya
507 2806 543 2836 et
561 2804 670 2836 eciam
687 2802 782 2835 illius
801 2802 905 2835 Scoti.
1261 2802 1275 2823 9
1292 2805 1329 2837 O.
1349 2804 1388 2837 E.
1408 2804 1596 2836 willelmo.

227 2850 239 2871 1
266 2851 304 2883 Β.
323 2851 513 2883 cerebrum.
731 2849 758 2870 11
776 2850 817 2882 D.
838 2850 989 2892 quidem.
1250 2850 1278 2871 ¹2
1296 2851 1333 2884 O.
1353 2851 1491 2884 Grame.

222 2896 251 2917 ¹3
268 2897 305 2930 O.
325 2898 364 2931 E.
384 2897 575 2939 respondit.
1250 2897 1277 2918 ¹4
1295 2899 1331 2931 C.
1351 2899 1390 2930 E.
1411 2899 1460 2930 in.

220 2943 248 2964 ¹⁵
265 2944 303 2977 C.
325 2945 414 2977 adds
430 2945 471 2977 le.
524 2946 562 2976 E.
585 2945 671 2976 adds
687 2944 729 2976 la.
1081 2943 1108 2965 ¹⁰
1126 2946 1167 2978 D.
1190 2945 1309 2978 Keith.
1361 2945 1400 2977 B.
1421 2946 1457 2977 (J.
1478 2944 1516 2976 E.
1538 2944 1682 2977 Gaston.

1711 2325 1741 2347 Α.
1747 2323 1777 2347 D.
1798 2316 1888 2347 1339.
